2070 3412
94 176 125 225 m
339 173 367 221 O.
385 172 560 222 SALLUSTI
577 173 695 222 ORISPI

143 261 166 309 8.
203 255 244 309 lla
264 256 432 322 tempestate
454 253 482 305 in
505 255 630 307 exercitu
651 255 746 307 nostro
768 254 845 307 fuere
867 269 940 306 com-

90 332 182 400 plures
194 330 256 383 novi
270 333 355 398 atque
367 329 479 396 nobiles,
493 330 593 398 quibus
608 329 720 384 divitiae
731 329 803 382 bono
815 329 941 383 honesto-

90 424 143 474 que
161 407 281 474 potiores
297 410 383 473 erant,
401 406 507 459 factiosi
522 405 601 466 domi,
613 409 741 472 potentes
757 405 833 474 apud
845 406 939 472 socios,

90 483 155 535 clari
174 483 260 548 magis
278 498 360 550 quam
382 482 497 548 honesti,
521 483 567 550 qui
584 481 740 548 «iugurthae
762 499 816 534 non
838 481 940 534 medic-

90 575 165 611 crem
182 558 302 611 animum
319 558 496 626 pollicitando
514 557 708 624 accendebant,
723 557 747 611 si
763 557 878 626 Micipsa
890 574 940 611 rex

90 634 241 700 occidisset,
261 635 319 687 iore
337 634 378 687 uti
397 634 469 687 solus
487 634 601 703 imperio
620 633 769 687 Numidiae
786 634 940 702 potiretur;

89 711 118 763 in
135 710 196 780 ipso
214 727 368 764 maxumam
381 711 519 776 virtutem,
535 711 637 762 Romae
653 711 741 763 omnia
756 710 860 763 venalia
873 726 940 764 esse.

91 786 146 840 Sed
169 791 315 855 postquam
340 786 489 839 Numantia
512 785 604 839 deleta
628 785 658 838 P.
682 785 773 855 Scipio
799 785 940 840 dimittere

90 862 191 915 auxilia
202 868 232 915 et
246 864 304 931 ipse
322 863 424 914 revorti
443 862 553 914 domum
572 861 700 927 decrevit,
713 862 844 915 donatum
857 865 940 930 atque

90 936 232 992 laudatum
251 938 392 1004 ioaguifice
410 954 460 1006 pro
480 938 606 992 contione
628 938 797 1004 Jugurtham
815 939 842 990 in
861 954 941 1007 prae-

91 1013 192 1067 torium
210 1013 326 1066 abduxit
342 1013 434 1081 ibique
452 1017 558 1066 secreto
576 1015 689 1080 monuit,
703 1014 745 1066 uti
763 1014 855 1083 potius
872 1013 940 1083 pub·

91 1089 142 1142 lice
161 1106 242 1157 quam
261 1089 389 1157 privatim
411 1089 557 1142 amicitiam
579 1089 673 1158 populi
694 1089 809 1142 Romani
830 1089 939 1156 coleret,

91 1182 144 1219 neu
162 1167 261 1233 quibus
278 1165 372 1231 largiri
386 1165 554 1218 insuesceret
565 1186 572 1230 ;
590 1165 740 1234 periculose
753 1182 770 1217 a
781 1165 874 1232 paucis
887 1165 940 1219 emi

91 1241 165 1308 quod
177 1241 324 1293 multorum
342 1244 433 1305 esset;
452 1241 475 1293 si
492 1257 654 1309 permanere
666 1239 750 1293 vellet
764 1241 792 1293 in
808 1241 862 1293 suis
874 1241 940 1294 arti-

93 1317 150 1383 bus,
175 1317 247 1369 ultro
269 1317 308 1369 illi
333 1320 362 1370 et
384 1317 497 1384 gloriam
520 1322 549 1370 et
572 1333 686 1384 regnum
710 1320 873 1381 venturum3
898 1317 940 1370 sin

92 1393 283 1462 properantius
305 1396 442 1462 pergeret,
465 1397 572 1447 suamet
593 1393 682 1461 ipsum
704 1393 819 1461 pecunia
839 1393 941 1461 praeci-

92 1469 179 1537 pitem
197 1485 331 1522 casurum.

100 1587 104 1591 -
144 1551 167 1600 9.
204 1546 247 1599 Sic
263 1545 370 1599 locutus
386 1560 447 1597 cum
464 1544 566 1598 litteris
578 1561 640 1597 eum
655 1561 723 1613 quas
735 1542 867 1613 Micipsae
878 1544 941 1598 red-

93 1619 173 1673 deret
185 1620 296 1673 dimisit.
327 1621 426 1672 Earum
439 1620 575 1673 sententia
586 1620 653 1673 hacc
666 1623 741 1674 erat:
760 1620 941 1687 “iugurthae

92 1697 133 1749 tui
151 1695 223 1748 bello
241 1696 408 1748 Numantino
431 1695 510 1762 longe
531 1712 658 1748 maxuma
675 1695 763 1748 virtus
780 1694 841 1762 firit,
859 1713 941 1763 quam

93 1788 151 1824 rem
168 1771 219 1824 tibi
237 1775 312 1824 certe
330 1771 385 1824 scio
402 1770 502 1838 gaudio
521 1787 586 1824 esse.
623 1770 709 1824 Nobis
723 1771 758 1825 ob
776 1773 875 1824 merita
893 1789 942 1826 sua

93 1863 170 1900 carus
183 1850 240 1910 est;
252 1849 284 1899 ut
296 1845 369 1898 idem
383 1846 489 1899 senatui
503 1851 531 1899 et
543 1846 642 1914 populo
653 1846 775 1899 Romano
788 1848 824 1900 sit
836 1864 942 1902 summa

93 1939 144 1990 ope
159 1922 288 1975 nitemur.
324 1921 384 1974 Tibi
401 1922 513 1990 quidem
531 1939 581 1991 pro
599 1926 693 1975 nostra
711 1922 830 1976 amicitia
848 1927 941 1990 gratu-

93 1997 140 2051 lor.
176 1997 217 2050 En
235 1996 320 2050 habes
337 1998 425 2050 virum
444 1997 557 2065 dignum
575 2001 604 2050 tc
621 2001 706 2066 atque
723 2014 774 2050 avo
792 2015 840 2051 suo
859 1998 942 2052 Masi-

92 2073 188 2128 nissa.”
229 2073 320 2141 Igitur
345 2090 401 2137 rex,
424 2073 473 2126 ubi
496 2089 528 2126 ea
551 2089 620 2140 quae
642 2073 715 2126 lama
740 2078 884 2142 acceperat
905 2092 942 2128 ex

92 2149 193 2204 litteris
205 2149 376 2216 imperatoris
388 2150 427 2202 ita
440 2165 500 2202 esse
512 2150 645 2215 cognovit,
661 2165 745 2216 quum
760 2149 869 2215 virtute,
881 2153 942 2203 tum

92 2226 181 2294 gratia
192 2225 244 2279 viri
256 2230 398 2295 permotus
411 2224 488 2278 flexit
500 2225 620 2283 animum
638 2241 716 2277 suum
730 2227 758 2278 et
774 2224 793 2276 J
794 2225 941 2292 ugurthum

93 2301 233 2355 beneficiis
255 2303 364 2355 vincere
382 2317 526 2369 aggressus
547 2304 595 2364 ost,
614 2302 761 2369 statimque
779 2317 840 2353 eum
858 2300 942 2369 adop

93 2378 163 2432 tavit
175 2383 205 2430 et
217 2380 383 2431 testamento
399 2377 503 2446 pariter
515 2392 576 2429 curn
589 2375 652 2428 liliis
667 2375 799 2429 heredem
813 2376 942 2431 instituit.

94 2454 150 2515 Sed
167 2453 225 2520 ipse
243 2469 341 2522 paucos
359 2456 422 2522 post
442 2469 526 2505 annos
548 2452 643 2505 morbo
666 2456 749 2520 atque
771 2455 863 2506 aetate
880 2469 943 2506 con·

93 2530 182 2583 fectus
196 2546 279 2597 quum
292 2529 343 2582 sibi
357 2529 438 2582 finem
450 2529 522 2582 vitae
541 2527 638 2581 adesse
653 2529 834 2596 intellegeret,
851 2545 942 2582 coram

94 2604 188 2658 amicis
208 2608 237 2658 et
260 2605 382 2671 cognatis
405 2606 527 2671 itemque
550 2603 709 2656 Adherbale
731 2608 760 2657 et
783 2604 943 2672 Hiempsale

95 2681 157 2733 filiis
178 2680 279 2734 dicitur
302 2678 489 2747 hujuscemodi
513 2677 598 2731 verba
621 2695 681 2733 curn
699 2679 837 2748 Jugmtha
860 2679 944 2732 habu-

94 2772 156 2809 isse.

149 2837 186 2886 10.
222 2831 363 2884 “Parvum
382 2847 433 2898 ego
450 2834 487 2898 te,
506 2831 525 2883 J
528 2830 654 2898 ugurtha,
666 2830 764 2883 amisso
778 2832 865 2898 patre,
885 2831 944 2885 sine

80 2924 151 2976 spe,
173 2908 231 2961 sine
251 2907 355 2977 opibus,
372 2906 400 2959 in
417 2923 507 2959 meum
526 2922 640 2972 regnum
658 2907 759 2974 accepi,
776 2906 944 2960 existumans

86 2998 141 3031 non
152 2984 246 3035 minus
256 3000 303 3035 me
313 2982 364 3036 tibi
376 2982 491 3051 quamsi
502 2982 656 3051 genuissem
665 2981 700 3034 ob
710 2982 841 3035 beneficia
850 2999 943 3035 carum

65 3050 147 3114 fore;
170 3072 266 3123 neque
284 3075 319 3113 ea
342 3077 389 3114 ros
412 3060 518 3115 falsum
535 3075 583 3114 me
599 3058 711 3113 habuit.
751 3057 829 3110 ham
847 3060 882 3107 ut
901 3056 959 3106 alia

46 3131 158 3209 ⁰²38ssss
176 3135 210 3182 03
229 3139 350 3206 egregia
364 3142 420 3196 tua
432 3139 579 3207 omittam,
595 3136 763 3193 novissume
779 3131 896 3186 rediens
908 3127 974 3206 hm

27 3197 148 3253 ’Μῶα
172 3219 287 3278 meque
315 3233 513 3290 regnumque
541 3233 648 3274 meum
679 3210 777 3283 gloria.
795 3199 992 3261 honorassem
