2070 3412
98 163 128 212 72
342 163 368 211 0.
388 160 562 210 SALLUSTI
580 157 697 207 CRISPI

150 247 191 296 53.
227 242 341 296 Romani
367 259 402 296 ex
427 241 571 309 improviso
596 240 716 308 pulveris
738 238 793 292 vim
816 254 946 306 magnam

97 318 326 386 animadvertunt,
338 336 400 371 nam
418 323 593 387 prospectum
610 333 676 384 ager
691 314 812 370 arbustis
824 315 947 369 consitus

96 393 266 462 prohibebat.
289 395 324 447 Et
337 395 425 462 primo
437 395 490 446 rati
503 394 614 445 humum
627 392 732 445 aridam
745 395 827 445 vento
839 391 947 461 agitari,

98 474 160 537 post
177 469 224 522 ubi
243 470 410 539 aequabilem
429 486 539 522 manere
556 472 585 522 et
607 469 678 522 sieut
696 469 766 522 acies
785 468 948 522 movebatur

98 545 184 612 magis
201 546 341 613 magisque
358 545 576 613 appropinquare
594 544 696 609 vident,
713 545 820 611 cognita
837 561 868 597 re
885 562 946 613 pro

97 624 226 688 perantes
239 637 315 673 arma
327 622 437 689 capiunt
449 637 481 674 ac
493 637 543 688 pro
555 620 659 686 castris,
669 621 739 673 sient
751 620 948 689 imperabatur,

97 696 257 750 consistunt.
291 696 405 763 Deinde,
418 696 464 749 ubi
483 696 596 765 propius
613 699 724 749 ventum
744 700 794 760 est,
807 696 949 765 utrimque

78 806 80 809 -
98 789 196 839 magno
217 773 335 826 clamore
358 773 535 826 concurritur.
575 771 712 825 Numidae
734 776 843 826 tantum
865 774 948 827 modo

99 851 233 913 remorati
246 849 311 901 dum
327 849 355 901 in
368 848 519 916 elephantis
537 849 667 902 auxilium
682 851 788 917 putant,
801 853 949 917 postquam

99 938 146 975 eos
158 923 302 991 impeditos
314 924 396 977 ramis
408 924 534 976 arborum
547 928 630 992 atque
642 924 681 976 ita
693 923 823 991 disjectos
834 925 950 978 circum·

100 998 187 1051 veniri
199 998 300 1065 rident,
313 999 406 1065 fugam
423 998 534 1062 faciunt,
547 1016 579 1052 ac
594 998 718 1068 plerique
732 999 846 1067 abjectis
864 1001 950 1054 armis

100 1073 176 1126 collis
189 1077 237 1125 aut
249 1075 336 1201 nocq's
349 1091 419 1141 quae
431 1074 489 1141 jam
503 1075 599 1127 aderat
612 1075 713 1127 auxilio
725 1075 826 1143 integri
837 1077 949 1131 abeunt.

101 1148 245 1218 Elephanti
265 1166 301 1216 qu
320 1153 395 1202 ttuor
414 1150 494 1217 capti,
509 1149 605 1217 reliqui
623 1167 717 1202 omnes
735 1167 847 1204 numero
864 1152 951 1220 quad-

101 1226 207 1292 raginta
220 1225 365 1277 interiecti.
388 1225 428 1277 At
441 1225 563 1292 Romani,
576 1242 741 1295 quamquam
753 1226 851 1280 itinere
863 1235 950 1296 atque

100 1317 183 1370 opere
201 1305 352 1354 castrorum
371 1304 399 1354 et
417 1300 520 1369 proelio
538 1301 602 1355 fessi
620 1302 736 1369 lassique
749 1306 835 1366 crant,
847 1307 949 1370 tamen,

101 1377 176 1446 quod
198 1376 327 1430 Metellus
348 1376 463 1444 amplius
487 1378 612 1445 opinione
636 1377 801 1443 morabatur,
822 1379 950 1434 instructi

100 1453 256 1522 intentique
274 1452 381 1506 obviam
399 1453 565 1521 procedunt;
588 1471 652 1507 nam
670 1453 749 1506 dolus
767 1454 950 1509 Numidarum

101 1528 167 1581 nihil
186 1530 306 1597 languidi
319 1545 408 1598 neque
421 1528 527 1582 remissi
546 1530 710 1596 patiebatur.
747 1530 790 1582 Ac
805 1531 892 1597 primo
904 1531 951 1584 ob

101 1621 181 1658 scura
189 1610 269 1658 nocte
280 1610 424 1675 postquam
433 1605 507 1657 haud
519 1607 611 1673 procul
621 1606 693 1658 inter
704 1622 733 1657 sc
744 1609 822 1658 erant
832 1607 951 1674 strepitu

102 1680 178 1733 velut
193 1680 285 1734 hostes
301 1682 458 1748 adventare,
471 1681 552 1734 alteri
568 1681 642 1750 apud
659 1681 762 1734 alteros
777 1681 951 1736 formidinem

101 1755 181 1808 simul
194 1760 223 1808 et
235 1757 383 1809 tumultum
399 1757 496 1823 facere,
510 1760 539 1810 et
554 1773 641 1824 paene
655 1756 840 1826 imprudentia
854 1759 953 1812 admis-

102 1847 162 1883 sum
180 1831 283 1884 facinus
301 1831 463 1899 miserabile,
481 1832 510 1885 ni
527 1833 667 1900 utrimque
684 1833 826 1902 praemissi
844 1835 953 1903 equites

102 1923 160 1960 rem
179 1906 397 1974 exploravisscnt.
436 1909 526 1976 Igitur
539 1925 589 1976 pro
604 1912 679 1962 metu
694 1914 807 1977 repente
820 1910 952 1977 gaudium

101 1986 235 2043 exortum,
253 1983 356 2036 milites
373 1984 441 2037 alius
459 1984 541 2036 alium
559 1983 625 2037 laeti
646 1985 791 2052 appellant,
809 1989 870 2039 acta
887 1987 952 2040 edo-

103 2061 166 2111 cent
178 2063 262 2127 atque
278 2059 401 2125 audiunt,
415 2075 463 2112 sua
477 2060 593 2128 quisque
608 2060 691 2113 fortia
705 2061 779 2114 facta
792 2061 828 2114 ad
846 2063 952 2117 coelum

103 2132 166 2188 fert.
203 2135 310 2205 Quippe
324 2152 369 2189 res
384 2136 522 2190 humanae,
531 2136 571 2188 ita
588 2153 648 2189 sese
662 2136 777 2189 habent:
796 2137 824 2190 in
839 2139 953 2194 victoria

103 2210 147 2263 vel
164 2211 269 2279 ignavis
286 2211 397 2280 gloriari
416 2212 487 2280 licet,
502 2211 634 2265 advorsae
649 2229 693 2266 res
708 2213 790 2267 etiam
808 2213 893 2268 bonos
905 2214 953 2268 de·
979 2253 992 2272 .

104 2291 233 2341 tractant.
769 2328 774 2335 -

156 2370 198 2416 54.
233 2361 362 2418 Metellus
384 2365 412 2417 in
433 2365 531 2418 iisdem
549 2363 648 2418 castris
666 2364 812 2433 quatriduo
830 2369 952 2418 moratus

104 2439 210 2492 saucios
228 2456 288 2492 cum
304 2457 369 2494 cura
383 2442 478 2507 reficit,
492 2441 604 2494 meritos
618 2440 647 2492 in
662 2440 773 2509 proeliis
792 2456 869 2495 more
886 2441 954 2494 mili-

106 2515 161 2568 tiae
174 2515 266 2581 donat‚
278 2516 419 2570 univorsos
432 2519 460 2569 in
470 2517 598 2571 contione
612 2515 707 2569 laudat
721 2519 805 2583 atque
819 2517 877 2584 agit
893 2534 954 2584 gra

106 2591 174 2656 tias;
192 2589 319 2644 hortatur
331 2592 366 2644 ad
379 2597 470 2646 cetera
482 2609 552 2661 quae
564 2592 635 2645 levia
647 2595 710 2645 suut
727 2609 822 2660 parem
835 2593 953 2646 animum

106 2671 219 2736 gerant;
236 2683 286 2735 pro
299 2667 411 2720 victoria
424 2669 490 2721 satis
502 2667 561 2736 jam
576 2671 734 2737 pugnatum,
747 2667 868 2735 reliquos
881 2668 955 2721 labo-

106 2761 150 2797 res
162 2760 212 2812 pro
223 2743 327 2811 praeda
338 2743 402 2796 fore.
439 2744 540 2796 Tamen
555 2743 666 2797 interim
679 2743 834 2810 transfugas
847 2748 875 2797 et
888 2744 955 2797 alios

106 2823 281 2888 opportunos,
301 2818 439 2886 ‹Iugurtha
459 2819 505 2871 ubi
526 2819 649 2887 gentium
671 2822 719 2872 aut
739 2818 807 2887 quid
827 2820 954 2887 agitaret,

105 2914 167 2950 cum
179 2895 307 2964 paucisne
319 2901 393 2949 esset
404 2912 439 2948 an
452 2897 603 2949 exercitum
616 2895 739 2961 haberet,
751 2899 782 2949 ut
794 2911 854 2948 seso
867 2896 955 2949 rictus

99 2975 220 3037 gereret,
235 2973 407 3041 exploratum
420 2971 501 3024 misit.
539 2973 578 3024 At
590 2971 636 3025 ille
648 2987 708 3025 sese
720 2971 749 3023 in
764 2971 823 3024 loca
836 2972 956 3025 saltuosa

86 3048 120 3093 et
134 3049 240 3099 natura
258 3050 366 3104 munita
385 3051 544 3119 receperat,
563 3046 659 3118 ibique
677 3045 797 3115 cogebat
814 3045 971 3097 exercitum

66 3130 190 3171 numero
198 3120 349 3182 hommum
358 3128 543 3199 ampliorem,
555 3126 610 3181 sed
620 3124 762 3180 hebetem
772 3120 987 3192 inermumque„

48 3189 122 3246 ‘²8²1'
130 3209 167 3246 ἂι·
174 3203 302 3264 pecoris
315 3208 416 3277 magis
428 3225 523 3280 qnam
536 3203 613 3261 belli
623 3201 783 3258 cultorem.
801 3192 848 3248 ld
859 3203 897 3242 θλ
905 3186 1004 3252 emm
