2070 3412
344 190 346 193 .
416 150 624 205 induar-Ha.
917 159 947 205 85

95 232 197 305 oppido
213 230 312 303 aquam
328 231 389 288 csse
404 251 487 303 supra
502 226 894 303 dimmus,'Jumenta‘onemt;
911 253 944 289 eo
994 251 997 256 ·

53 313 61 329 ⁴
95 311 177 364 modo
196 311 344 364 instructus
363 310 400 363 ad
419 309 529 363 Thalam
542 311 736 378 proficiscitur.
774 308 879 365 Deinde
899 312 944 366 ubi

96 386 132 438 ad
150 385 179 438 id
197 385 249 439 loci
266 389 386 452 ventum,
399 403 452 455 quo
472 385 597 438 Numidis
613 392 797 454 praeceperat,
810 391 839 439 et
855 391 944 442 castra

96 462 186 530 posita
204 462 364 530 munitaque
386 465 456 528 sunt,
477 465 556 514 tanta
574 465 689 529 repente
710 463 784 515 coelo
802 463 885 515 missa
905 464 944 517 vis

9 593 13 597 Α
96 553 184 605 aquae
196 538 303 605 (licitur,
312 541 344 590 ut
356 554 388 590 ea
401 536 481 590 modo
492 538 625 591 exercitui
638 538 703 590 satis
716 535 851 607 superque
864 539 943 594 foret.

8 671 16 681 ,
97 612 245 667 Praeterea
256 618 424 667 commeatus
436 631 485 682 spe
496 614 618 683 amplior,
632 613 697 682 quia
708 614 851 681 Numidae,
865 616 944 670 sicuti

95 690 219 758 plerique
231 690 259 743 in
271 706 340 744 nova
353 690 499 757 deditione,
512 690 598 744 officia
609 689 791 743 intenderant.
815 691 944 745 Ceterum

96 765 197 819 milites
217 766 356 834 religione*
368 766 459 834 pluvia
480 766 566 831 magis
586 766 635 831 usi,
655 782 742 834 eaque
762 783 807 819 res
828 767 943 821 multum

63 846 65 850 ‘
95 842 192 895 animis
207 858 301 895 eorum
317 841 439 907 addidit;
461 859 523 894 nam
540 842 594 894 rati
611 858 670 895 sese
686 842 729 895 dis
746 842 944 897 immortalibus

96 934 178 972 curae
195 935 262 972 esse.
298 917 405 972 Deinde
422 922 532 986 postero
550 918 596 971 die
615 922 710 972 contra
726 919 878 987 opinionem
894 921 912 972 J
915 938 944 972 u-

95 993 212 1062 gurthae
219 995 265 1047 ad
277 994 388 1047 Thalam
400 995 570 1062 perveniunt.
608 994 751 1063 Oppidani,
765 995 812 1063 qui
828 1011 858 1048 se
873 995 944 1049 loco-

95 1087 156 1122 rum
175 1072 324 1138 asperitate
344 1072 462 1124 munitos
484 1070 664 1135 crediderant,
684 1088 782 1139 magna
802 1075 885 1140 atque
905 1073 944 1124 in-

96 1145 175 1199 solita
193 1163 224 1199 re
242 1146 358 1214 perculsi
379 1146 463 1199 nihilo
483 1147 592 1214 segnius
612 1146 713 1199 bellum
734 1163 845 1213 parare;
870 1147 943 1201 idem

91 1221 182 1285 nostri
195 1222 291 1275 facere.

148 1301 189 1354 76.
224 1297 280 1352 Sed
299 1314 349 1350 rex
369 1296 436 1349 nihil
454 1296 514 1364 jam
534 1297 665 1350 infectum
687 1296 799 1350 Metello
820 1298 942 1367 credens,

95 1373 198 1442 quippe
215 1374 261 1442 qui
280 1373 377 1438 omnia,
395 1389 477 1445 arma,
495 1372 559 1439 tela,
577 1372 656 1437 locos,
675 1375 806 1438 tempora,
825 1374 943 1442 denique

95 1452 219 1503 naturam
237 1449 324 1518 ipsam
342 1448 441 1503 ceteris
459 1448 661 1516 imperitantem
681 1447 815 1500 industria
832 1448 944 1517 vicerat,

94 1541 157 1579 cum
175 1525 268 1578 liberis
284 1528 313 1578 et
331 1541 429 1592 magna
445 1527 525 1592 parte
542 1523 674 1592 pecuniae
691 1541 725 1576 cx
743 1523 844 1592 oppido
862 1528 944 1579 noctu

95 1602 223 1671 profugit,
236 1618 325 1669 neque
340 1603 437 1670 postea
452 1601 480 1652 in
495 1599 550 1652 ullo
566 1599 625 1651 loco
641 1598 755 1667 amplius
770 1615 824 1651 uno
837 1599 882 1653 die
895 1606 944 1656 aut

95 1693 149 1730 una
165 1680 245 1731 nocte
261 1680 383 1729 moratus
399 1674 544 1730 simulabat
560 1691 619 1728 seso
633 1674 727 1742 negoti
743 1676 833 1742 gratia
847 1694 944 1746 prope·

95 1770 157 1806 rare
166 1773 172 1817 ;
190 1757 312 1806 cetorum
328 1752 509 1820 proditionem
526 1751 650 1818 timebat,
664 1767 745 1819 quam
761 1752 848 1806 vitare
864 1770 943 1821 posse

95 1829 236 1883 celeritate
255 1828 384 1899 putabat3
401 1845 465 1881 nam
484 1828 550 1881 talia
565 1827 676 1880 consilia
694 1845 744 1896 por
761 1829 846 1882 otium
864 1833 943 1884 etex

90 1905 300 1973 opportunitate
311 1905 377 1972 capi.
415 1905 456 1957 At
467 1903 605 1969 Metellus,
618 1903 664 1957 ubi
677 1904 827 1973 oppidanos
841 1906 943 1973 proelio

95 1981 223 2047 intentos,
243 1982 322 2034 simul
342 1980 471 2049 oppidum
490 1983 519 2033 et
537 1979 665 2048 operibus
684 1983 714 2033 et
734 1980 792 2034 loco
810 1983 943 2035 munitum

94 2057 178 2123 videt,
190 2057 260 2110 vallo
274 2057 401 2124 fossaque
416 2056 523 2109 moenia
535 2055 718 2110 circumvenit.
755 2057 861 2110 Deinde
877 2058 944 2111 locis

95 2149 130 2186 ex
144 2132 222 2200 copia
239 2149 365 2186 maxume
381 2131 486 2185 idoneis
499 2131 590 2185 vineas
607 2148 696 2198 agere,
710 2148 838 2199 aggerem
850 2133 944 2200 jacere

94 2213 124 2263 et
136 2225 219 2276 super
230 2225 357 2276 aggerem
372 2208 505 2275 impositis
517 2207 638 2261 turribus
651 2223 718 2275 opus
730 2211 759 2260 et
770 2208 944 2261 administros

94 2286 187 2339 tutari.
221 2285 323 2338 (lontra
335 2284 401 2336 haec
414 2283 542 2352 oppidani
554 2283 691 2351 festinare,
699 2298 815 2351 parare3
833 2299 944 2351 prorsus

95 2360 130 2414 ab
138 2361 262 2429 utrisque
274 2359 340 2413 nihil
352 2359 487 2428 reliquum
496 2360 561 2413 fieri.
586 2358 712 2426 Denique
723 2359 845 2427 Romani,
857 2359 944 2413 multo

88 2440 159 2491 >ante
177 2437 271 2491 labore
288 2435 452 2504 proeliisque
471 2435 586 2503 fatigati,
604 2438 667 2503 post
685 2435 744 2489 dies
762 2435 944 2507 quadraginta

89 2530 177 2584 quam
189 2530 222 2567 eo
234 2517 346 2566 ventum
361 2516 421 2566 erat
432 2512 533 2581 oppido
548 2512 628 2565 modo
642 2512 730 2581 potiti,
743 2513 846 2580 praeda
857 2513 944 2565 omnis

95 2591 130 2644 ab
150 2590 271 2660 perfugis
290 2592 426 2659 corrupta.
464 2588 503 2641 Hi
521 2591 667 2658 postquam
685 2605 793 2642 murum
812 2589 944 2643 arietibus

94 2667 170 2720 feriri
188 2683 287 2735 resque
305 2682 368 2718 suas
384 2665 498 2718 afflictas
514 2664 616 2731 vident,
628 2678 729 2718 aurum
747 2668 831 2734 atque
848 2682 943 2733 argen-

94 2746 154 2797 tum
172 2746 201 2796 et
219 2742 272 2796 alia
287 2758 357 2811 quae
372 2740 461 2808 prima
478 2742 613 2794 ducuntur
628 2739 738 2794 domum
754 2742 858 2809 regiam
875 2758 943 2795 com-

93 2823 221 2889 portant;
239 2817 277 2871 ibi
293 2818 354 2869 vino
369 2820 398 2870 et
412 2817 501 2886 epulis
514 2818 617 2871 onerati
634 2817 733 2886 illaque
749 2820 777 2870 et
792 2817 902 2870 domum
914 2822 944 2871 et

95 2900 184 2949 semet
195 2897 250 2964 igni
263 2898 448 2964 corrumpunt,
461 2897 490 2948 et
503 2910 569 2962 quas
580 2892 646 2946 victi
660 2892 695 2945 ab
707 2891 830 2947 hostibus
842 2908 944 2959 poenas

94 2977 255 3041 metuerant,
269 2991 315 3028 eas
327 2974 378 3043 ipsi
391 2973 516 3027 volentes
526 2968 702 3043 pependere.
934 3026 941 3037 ι

82 3069 84 3073 ·
143 3053 181 3106 77.
216 3051 274 3106 Sed
291 3054 402 3122 pariter
419 3069 486 3109 oum
502 3053 590 3121 capta
602 3046 702 3100 unas
710 3037 814 3107 nagan
826 3047 870 3084 ex
881 3025 994 3100 ow&

71 3121 165 3192 ‘Lepti
185 3127 223 3181 ad
247 3130 406 3188 Metellum
428 3132 589 3198 venerant,
607 3125 738 3181 orantes
756 3110 812 3165 aix
828 3091 1006 3169 uffisslffi

66 3202 315 3279 praefectumque
350 3227 389 3268 eo
422 3212 595 3276 mitterem
626 3191 853 3258 timim&
879 3152 1006 3229 “ww

514 3288 536 3344 Β
