2070 3412
407 146 617 196 JUGURTHA.
907 147 938 198 87

88 225 232 296 utriusque
243 226 335 295 populi
347 225 409 279 linis
420 226 574 281 haberetur.
603 226 694 295 Igitur
706 224 871 294 Carthagine
883 224 938 280 duo

88 301 188 356 fratres
204 302 285 369 missi,
299 301 398 369 quibus
413 319 511 355 nornen
529 302 666 357 Philaenis
683 305 750 370 erat,
766 304 939 356 maturavere

88 377 143 431 iter
154 393 282 448 pergere:
301 376 469 444 Cyrenenses
480 377 586 430 tardius
598 377 662 432 iere.
689 377 723 430 Id
736 377 891 431 socordiane
903 393 938 430 an

88 469 153 506 casu
173 453 302 507 acciderit
322 465 419 520 parum
438 453 557 520 cognovi.
594 453 725 507 Ceterum
746 452 816 506 solet
835 453 863 506 in
885 453 939 506 illis

88 528 155 582 locis
166 531 317 597 tempestas
329 528 403 582 haud
415 544 494 583 secus
506 532 589 597 atque
602 529 630 582 in
642 529 711 582 mari
723 529 858 594 retinere;
875 544 939 582 nam

88 603 136 658 ubi
147 621 198 673 per
208 603 269 658 loca
279 604 403 672 aequalia
414 607 444 658 et
454 605 529 658 nuda
539 605 708 673 gignentium
719 608 818 658 ventus
829 608 939 658 coortus

88 697 198 734 arenam
216 679 299 733 humo
316 680 455 749 excitavit,
473 697 506 736 ea
522 697 620 749 magna
637 681 664 734 vi
682 681 789 748 agitata
808 697 857 734 ora
877 697 939 735 ocu-

88 757 184 824 losque
195 755 310 824 implere
321 756 398 823 solet,
410 756 450 811 ita
460 761 607 826 prospectu
621 756 754 825 impedito
766 756 866 809 morari
878 756 939 828 iter„

89 831 240 901 Postquam
259 832 426 900 Cyrenenses
444 833 583 902 ahquanto
606 832 770 902 posteriores
787 849 818 886 se
835 831 938 900 vident,

88 910 118 962 et
136 907 248 962 obrem
266 911 422 977 corruptam
439 909 513 963 domi
531 925 632 977 poenas
650 911 784 976 metuunt,
802 908 939 963 criminari

90 983 321 1052 Carthaginiensis
345 987 409 1038 ante
432 988 541 1053 tempus
562 985 643 1039 domo
667 984 812 1053 digressos,
831 988 939 1039 contur-

88 1059 156 1115 bare
171 1076 237 1128 rem,
250 1058 367 1128 denique
384 1061 473 1115 omnia
488 1061 570 1115 malle
586 1077 668 1130 quam
682 1060 747 1115 victi
763 1060 846 1115 abire.
883 1061 939 1115 Sed

88 1153 173 1203 quum
193 1136 278 1190 Poeni
300 1137 381 1190 aliam
402 1136 587 1191 condicionem
611 1137 801 1192 tantummodo
824 1153 939 1204 aequam

88 1215 224 1281 peterent,
237 1211 335 1266 Graeci
349 1212 488 1281 optionem
503 1213 767 1282 Carthaginiensium
782 1214 893 1280 faciunt,
907 1216 940 1267 ut

88 1287 132 1342 vel
144 1287 191 1354 illi,
204 1304 273 1356 quos
285 1288 346 1342 linis
357 1289 457 1358 populo
469 1306 518 1343 suo
530 1293 663 1358 peterent,
675 1289 715 1342 ibi
727 1288 781 1343 vivi
793 1288 939 1343 obrueren-

89 1367 143 1431 tur,
160 1363 203 1417 vel
221 1363 317 1418 eadem
335 1364 492 1419 condicione
510 1377 569 1419 sese
587 1382 668 1434 quem
685 1364 819 1418 inlocum
837 1364 939 1420 vellent

88 1455 270 1508 processuros
307 1440 429 1494 Philaeni
443 1441 600 1496 condicione
614 1441 730 1510 probata
744 1457 828 1512 sequa
843 1441 940 1494 vitam-

89 1532 144 1585 que
168 1531 243 1570 suam
268 1516 307 1570 rei
331 1517 456 1585 publicae
480 1517 680 1583 condonavere3
706 1517 746 1570 ita
765 1517 820 1570 vivi
841 1515 939 1570 obruti.

90 1591 328 1660 Carthaginienses
343 1592 372 1646 in
386 1609 419 1646 eo
434 1593 493 1647 loco
506 1592 642 1647 Philaenis
656 1592 788 1647 iratribus
803 1608 864 1646 aras
879 1608 940 1646 con·

88 1683 239 1734 secrevere,
251 1668 351 1736 aliique
365 1668 418 1723 illis
430 1669 504 1722 domi
519 1669 635 1723 honores
646 1668 774 1722 instituti.
809 1668 835 1721 N
836 1683 889 1721 unc
902 1667 940 1722 ad

88 1759 148 1798 rem
160 1743 250 1798 redeo.

141 1825 182 1875 80.
217 1820 236 1873 J
239 1818 358 1887 ugurtha
370 1819 516 1886 postquam
528 1818 628 1872 amissa
640 1818 725 1872 Thala
735 1818 802 1872 nihil
814 1818 882 1874 satis
893 1819 940 1873 fir-

88 1912 164 1951 mum
184 1899 279 1950 contra
300 1894 443 1948 Metellum
466 1897 554 1963 putat,
576 1910 627 1964 per
645 1910 758 1963 magnas
779 1895 939 1950 solitudines

89 1988 151 2026 cum
170 1973 263 2041 paucis
281 1971 420 2040 profectus
437 1970 563 2040 pervenit
581 1970 618 2024 ad
634 1970 773 2040 Gaetulos,
789 1988 875 2040 genus
892 1971 936 2026 ho

86 2048 192 2102 minum
207 2048 296 2102 ferum
312 2047 499 2115 incultumque
515 2051 544 2103 et
560 2063 593 2101 eo
608 2049 733 2116 tempore
749 2048 874 2116 ignamm
891 2064 939 2102 no-

88 2124 168 2178 minis
182 2124 303 2177 Romani.
337 2124 439 2177 llorum
455 2123 659 2176 multitudinem
674 2124 702 2177 in
719 2140 802 2177 unum
818 2124 892 2191 cogit
907 2140 940 2178 ac

88 2199 221 2270 paulatim
242 2199 408 2254 consuefacit
426 2199 537 2253 ordines
557 2198 666 2266 hahere,
686 2199 762 2266 signa
783 2199 867 2267 sequi,
889 2199 939 2254 im-

88 2277 195 2345 perium
208 2275 360 2344 observare,
372 2275 440 2329 item
452 2275 505 2329 alia
516 2275 645 2329 militarie
657 2275 753 2329 facere.
790 2275 939 2330 Praeterea

88 2353 163 2420 regis
174 2352 276 2406 Bocchi
291 2368 437 2421 proxumos
453 2351 558 2418 magnis
574 2349 732 2403 muneribus
745 2353 774 2405 et
789 2350 939 2418 majoribus

88 2429 228 2497 promissis
252 2428 288 2481 ad
312 2429 433 2482 studium
457 2427 499 2480 sui
522 2425 657 2495 perducit,
682 2427 743 2494 quis
766 2426 939 2495 adjutoribus

87 2521 182 2572 regem
194 2521 338 2572 aggressus
352 2503 469 2572 impellit
480 2506 513 2557 ut
527 2502 672 2557 advorsum
686 2503 822 2557 Romanos
836 2502 938 2557 bellum

88 2580 207 2649 incipiat.
248 2579 284 2633 Id
307 2597 340 2634 ea
363 2579 452 2648 gratia
474 2579 579 2633 facilius
599 2579 764 2647 proniusque
784 2579 843 2646 fuit
863 2580 939 2649 quod

88 2655 213 2711 Bocchus
225 2655 303 2710 initio
314 2655 427 2725 hujusce
437 2655 504 2709 belli
516 2654 620 2723 legatos
633 2655 747 2708 Romam
759 2654 873 2710 miserat
884 2656 939 2711 foe-

88 2731 141 2785 dus
157 2734 187 2786 et
202 2732 347 2786 amicitiam
363 2733 490 2801 petitum,
503 2748 584 2799 quem
600 2746 659 2784 rem
672 2732 938 2800 opportunissumam

88 2808 197 2877 incepto
219 2807 291 2861 hello
311 2808 390 2876 pauci
414 2808 613 2878 impediverant
636 2807 708 2861 caeci
733 2808 855 2876 avaritia,
877 2810 938 2879 quis

88 2884 179 2939 omnia
196 2884 310 2938 honesta
328 2889 411 2954 atque
428 2884 571 2940 inhoneste
587 2883 706 2938 vendere
724 2900 783 2937 mos
801 2889 869 2938 erat.
901 2884 938 2939 llt

83 2959 145 3028 jam
160 2963 242 3015 autea
253 2961 273 3014 J
275 2961 410 3030 ugurthae
427 2960 484 3016 iilia
497 2959 605 3016 Boeotii
616 2963 765 3027 nupserat„
790 2958 962 3032 ‘lassum

81 3035 256 3090 necessitudo
280 3037 359 3108 apud
384 3038 528 3096 Numidas
547 3038 731 3101 Maurosque
747 3029 832 3082 assas
852 3024 991 3074 sucum,

72 3111 139 3176 qula
154 3112 257 3181 singuli
273 3133 327 3186 pro
343 3117 454 3189 opibus
467 3120 597 3192 quisque
609 3127 707 3186 uuam
715 3092 1010 3190 hhffiffif‘mss

63 3183 153 3241 &aas
166 3189 225 3260 alii,
236 3193 291 3249 alii
304 3195 411 3264 plures
424 3199 558 3265 hahent,
567 3193 632 3254 sed
640 3201 737 3256 *020⁸
747 3195 789 3234 ω
799 3163 950 3230 *mm*
