2070 3412
443 126 629 177 CATILINA.
930 130 961 177 35

113 210 223 278 milites,
236 209 358 266 secordia
370 211 454 278 atque
465 208 572 277 ignavia
584 206 693 262 Lentuli
706 211 836 276 quantam
851 211 903 282 ipsi
915 229 962 267 no

113 286 210 355 bisque
217 285 324 339 cladem
336 285 467 351 attulerit,
478 301 586 353 quoque
595 284 684 350 modo,
693 284 759 338 dum
767 302 801 338 ex
808 287 876 342 urbe
884 303 962 359 prae

114 362 185 416 sidia
200 363 333 432 opperior,
345 363 374 415 in
387 361 504 416 Galliam
519 361 653 428 proficisci
669 362 846 429 nequiverim.
881 364 906 417 N
908 383 961 421 unc

114 454 179 492 vero
196 454 250 506 quo
265 439 323 492 loco
339 455 385 493 res
401 442 511 491 nostrae
526 437 588 504 sint,
600 436 683 505 juxte
697 454 803 492 mecum
819 456 912 496 omnes
924 443 962 495 in-

113 514 251 583 tellegitis.
288 514 433 568 Exercitus
444 513 563 567 hostinm
576 513 638 580 duo,
648 530 719 566 unus
730 513 765 567 ab
776 515 851 582 urbe,
863 517 935 572 alter
946 535 963 571 a

115 591 203 645 Gallia
226 591 355 656 obstant;
379 591 482 644 diutius
502 589 531 643 in
554 589 597 643 bis
620 589 685 643 locis
706 607 771 656 esse,
792 592 815 645 si
836 609 962 648 maxume

114 667 221 721 animus
240 668 318 736 ferat,
341 667 472 721 frumenti
495 670 579 734 atque
602 665 716 719 aliarum
739 683 831 722 rerum
855 673 962 736 egestas

113 743 260 812 prohibet;
284 760 446 813 quocunque
459 743 500 796 ire
515 743 612 811 placet,
628 742 700 795 ferro
715 742 769 795 iter
783 745 963 811 aperiundum

114 824 164 874 est.
200 822 374 890 Quapropter
386 836 433 873 vos
448 835 544 873 moneo
561 819 603 872 uti
619 819 684 872 forti
700 821 784 888 atque
796 824 892 889 parato
907 821 963 875 ani-

114 913 159 950 mo
184 896 250 965 sitis,
271 900 300 950 et
318 913 402 964 quum
425 895 559 964 proelium
581 895 694 962 inibitis,
717 897 897 951 memineritis
915 914 963 951 vos

116 972 234 1039 divitias,
247 973 338 1039 decus,
351 972 475 1040 gloriam,
488 974 632 1041 praeterea
645 971 802 1026 libertatem
821 976 904 1042 atque
916 991 963 1043 pe-

115 1049 197 1102 triam
212 1049 241 1102 in
256 1049 379 1103 dexteris
391 1049 490 1102 vostris
513 1051 632 1117 portare.
668 1048 696 1101 Si
716 1049 853 1118 vincimus,
873 1052 964 1104 omnia

79 1141 93 1168 s
114 1124 193 1178 nobis
211 1128 273 1179 tuta
291 1128 380 1193 erunt,
398 1128 565 1179 commeatus
584 1123 700 1190 abunde,
717 1125 863 1194 municipia
878 1129 963 1195 atque

32 1259 41 1276 χ
115 1200 235 1254 coloniae
252 1201 402 1270 patebunt3
419 1201 533 1255 simetu
551 1199 720 1268 cesserimus,
738 1201 834 1255 eadem
852 1203 898 1256 illa
916 1203 964 1256 ed·

114 1293 194 1330 versa
205 1277 291 1342 fient;
314 1292 404 1345 neque
415 1276 490 1330 locus
506 1291 595 1343 neque
611 1275 713 1329 amicus
728 1277 873 1346 quisquam
885 1282 964 1346 teget

115 1369 197 1421 quem
207 1369 283 1406 arma
294 1369 349 1406 non
361 1353 490 1406 texerint.
514 1351 669 1419 Praeterea,
681 1352 788 1421 milites,
800 1371 855 1407 non
867 1355 963 1409 eadem

115 1428 195 1481 nobis
206 1432 236 1481 et
247 1429 301 1481 illis
315 1427 489 1481 necessitudo
505 1427 661 1496 impendet:
680 1444 729 1482 nos
741 1445 791 1496 pro
804 1431 901 1498 patria,
913 1447 964 1498 pro

115 1503 253 1572 libertate,
273 1521 324 1572 pro
342 1504 400 1558 vita
419 1507 572 1567 certamus;
597 1503 651 1556 illis
673 1519 901 1572 supervacaneum
922 1512 965 1561 est

115 1596 164 1647 pro
176 1581 300 1648 potentia
311 1596 458 1648 paucorum
470 1595 599 1648 pugnare.
629 1579 688 1643 Quo
700 1581 828 1635 audacius
840 1583 964 1650 aggredi·

116 1656 182 1708 mini
195 1672 329 1709 memores
341 1656 472 1724 pristinae
481 1654 598 1709 virtutis.
629 1653 719 1709 Licuit
730 1656 809 1710 nobis
820 1675 880 1712 cum
894 1676 964 1712 sum-

116 1747 161 1784 ma
173 1732 345 1801 turpitudine
356 1732 385 1784 in
397 1731 492 1784 exsilio
505 1734 626 1784 aetatem
643 1747 725 1798 agere
737 1752 743 1793 3
759 1730 887 1798 potuistis
899 1746 965 1783 non-

116 1807 183 1862 nulli
193 1807 297 1861 Romae
310 1807 415 1861 amissis
428 1806 506 1860 bonis
518 1806 619 1861 alienas
630 1823 697 1875 opes
706 1809 866 1875 exspectare
878 1826 884 1870 ;
900 1807 965 1874 qnia

116 1883 161 1936 illa
173 1883 254 1937 foeda
265 1887 349 1952 atque
363 1883 536 1938 intoleranda
547 1883 612 1937 viris
625 1884 796 1951 videbantur,
808 1883 876 1936 haec
887 1884 964 1951 sequi

117 1959 285 2014 decrevistis.
316 1960 344 2013 Si
356 1959 423 2014 haec
435 1961 589 2027 relinquere
598 1960 686 2026 voltis,
699 1959 813 2012 andacia
825 1975 892 2026 opus
904 1963 964 2024 est3

117 2052 198 2089 nemo
215 2035 266 2089 nisi
287 2036 373 2090 victor
392 2053 459 2105 pace
477 2036 580 2089 bellum
599 2036 722 2089 mutavit.
758 2035 830 2088 Nam
853 2035 881 2088 in
899 2035 965 2103 iuga

118 2111 233 2165 salutem
254 2127 373 2180 sperare,
396 2128 480 2179 quum
503 2128 579 2164 arma
603 2112 663 2179 quis
686 2127 783 2180 corpus
806 2112 911 2179 tegitur
929 2112 964 2165 ab

117 2186 242 2240 hostibus
260 2188 400 2254 avorteris,
420 2203 453 2240 ea
471 2203 536 2240 vero
555 2187 695 2240 dementia
716 2190 765 2241 est.
801 2187 915 2254 Semper
936 2188 965 2241 in

117 2263 220 2332 proelio
230 2263 263 2315 iis
272 2279 429 2315 maxumum
438 2265 481 2316 est
490 2262 648 2330 periculum,
658 2263 705 2331 qui
715 2279 842 2317 maxume
852 2264 965 2328 timent;

117 2338 231 2391 audacia
244 2355 294 2406 pro
310 2354 388 2392 muro
402 2337 528 2392 habetur.
565 2337 655 2402 Quum
667 2355 714 2391 vos
730 2339 879 2406 considero,
896 2339 965 2392 mili-

117 2416 167 2481 tes,
193 2418 222 2467 et
245 2431 328 2483 quum
351 2414 424 2467 facta
442 2417 537 2468 vostra
558 2416 689 2480 aestumo,
713 2431 811 2482 magna
834 2431 878 2469 me
902 2432 965 2484 spes

117 2491 246 2544 victoriae
258 2493 341 2544 tenet.
378 2490 502 2554 Animus,
518 2493 601 2555 aetas,
613 2490 700 2543 virtus
712 2495 804 2544 vostre
820 2489 888 2560 [me]
904 2491 966 2544 hor-

117 2569 220 2633 tantur,
231 2568 376 2634 praeterea
391 2565 570 2632 necessitudo,
584 2582 654 2634 quae
666 2566 748 2619 etiem
762 2565 875 2619 timidos
886 2565 966 2620 fortis

117 2641 200 2695 fecit:
226 2658 288 2694 nam
307 2641 454 2695 multitudo
474 2640 593 2694 hostium
612 2658 647 2695 ne
665 2642 859 2696 circumvenire
882 2648 966 2711 queat

117 2717 263 2785 prohibent
275 2717 416 2784 angustiae
428 2717 486 2771 loci.
517 2716 619 2781 Quodsi
631 2717 728 2771 virtuti
738 2721 845 2770 vostrae
857 2718 966 2772 fortuna
1016 2768 1022 2786 ,

116 2791 254 2860 inviderit,
271 2796 365 2846 cavete
381 2793 461 2846 inulti
477 2793 593 2846 animam
612 2793 754 2859 amittatis,
766 2809 820 2847 neu
832 2795 905 2862 capti
920 2812 966 2863 po

118 2868 173 2921 tius
190 2868 270 2922 sicuti
285 2884 384 2937 pecora
400 2869 573 2922 trucidemini
586 2886 668 2937 quam
682 2870 800 2923 virorum
812 2885 888 2922 more
899 2886 966 2938 pug-

118 2947 216 2997 nantes
234 2947 375 2998 cruentam
399 2948 482 3012 atque
505 2944 659 2999 luctuosam
675 2946 828 2999 uictoriam
839 2944 987 2991 mestrem

116 3019 299 3087 relinquatis.’'

161 3099 201 3147 59.
239 3097 322 3154 Haeo
344 3097 398 3154 ubi
422 3098 509 3170 dixit,
534 3097 695 3170 pardulum
711 3068 1022 3185 mmmmm&

97 3182 202 3224 canere
212 3171 313 3245 jubet,
326 3179 419 3248 atque
432 3178 607 3234 instructos
620 3173 752 3229 ordines
757 3159 918 3215 misem
