2070 3412
418 153 600 204 CATILINA.
627 192 635 205 .
904 155 933 206 17

79 237 116 293 -0,
127 237 247 292 Manlius
262 254 298 291 ex
314 253 363 290 suo
378 252 491 289 numero
505 235 610 301 legatos
625 233 663 286 ad
679 233 813 287 Marcium
830 234 934 303 Regem

84 313 173 369 mittit
185 330 247 368 curn
258 311 395 366 mandatis
406 310 603 379 hujuscemodi.

138 395 179 444 33.
216 389 316 442 “Deos
339 387 517 455 hominesque
541 389 683 453 testamur,
705 386 863 453 imperator,
886 403 935 439 nos

85 481 162 519 arma
176 481 266 534 nequa
282 468 378 517 contra
393 464 511 532 patriam
527 463 639 531 cepisse,
654 479 742 530 neque
759 478 813 530 quo
830 462 935 530 pericu-

84 539 142 594 lum
159 541 219 594 aliis
236 540 396 606 faceremus,
415 538 464 592 scd
481 539 523 592 uti
541 554 655 606 corpora
672 541 765 590 nostra
782 537 818 590 ab
836 538 936 605 inJ'uria

87 619 147 671 tuta
160 617 258 683 forent,
271 615 318 683 qui
333 614 434 681 miseri,
446 618 567 685 egentes,
579 613 708 666 violentia
722 617 806 680 atquo
821 614 937 667 crudeli·

85 695 144 746 tate
155 692 340 745 feneratorum
352 690 476 759 plerique
485 690 597 758 patriae,
608 689 657 742 sed
669 705 762 742 omnes
771 689 843 742 faura
852 693 935 757 atquo

85 768 202 827 fortunis
214 769 345 836 expertes
357 782 465 830 sumns3
482 781 572 832 neque
584 765 710 833 cuiquam
723 768 847 818 nostrum
860 765 936 819 licuit

86 860 161 898 mere
178 842 312 911 majorum
328 842 390 910 lege
408 841 457 907 uti,
471 857 560 909 neque
576 841 675 893 amisso
691 841 854 909 patrimonio
871 842 936 895 libe-

85 936 146 973 rum
165 935 265 988 corpus
283 917 401 983 habere;
422 919 501 971 tanta
520 916 641 970 saevitia
651 917 834 970 feneratorum
852 921 937 985 atque

85 996 221 1065 praetoris
238 994 299 1048 fuit.
335 994 421 1060 Saepe
439 991 558 1060 majores
575 995 699 1045 vostrum
716 993 831 1046 miseriti
848 994 937 1062 plebis

87 1070 226 1125 Romanae
245 1069 364 1124 decretis
382 1069 438 1122 suis
455 1067 562 1136 inopiae
580 1067 640 1135 ejus
658 1068 785 1136 opitulati
804 1073 883 1136 sunt3
906 1087 937 1124 ac

85 1147 239 1201 novissume
255 1145 387 1199 memoria
400 1146 494 1197 nostra
508 1147 621 1212 propter
633 1144 851 1212 magnitudinem
866 1147 937 1201 aeris

85 1221 175 1285 alieni,
184 1221 339 1275 volentibus
351 1218 476 1273 omnibus
488 1218 574 1285 bonis,
585 1222 729 1286 argentum
741 1235 805 1273 aere
817 1220 937 1274 solutum

86 1301 137 1353 est.
172 1298 260 1366 Saepe
275 1297 335 1365 ipsa
349 1295 452 1364 plebes,
466 1297 515 1348 aut
531 1294 689 1346 dominandi
706 1294 797 1347 studio
813 1302 938 1363 permota

87 1377 136 1428 aut
152 1372 280 1442 superbia
294 1373 513 1440 magistratuum,
525 1373 630 1422 armata
646 1386 663 1422 a
678 1370 803 1437 patribus
817 1375 936 1427 secessit.

88 1449 129 1503 At
146 1464 196 1503 nes
214 1465 267 1502 non
285 1448 428 1516 imperimn
448 1462 536 1514 neque
555 1445 665 1500 divitias
680 1446 806 1514 petimus,
823 1465 936 1516 quarum

86 1540 179 1578 rerum
188 1541 283 1578 caussa
293 1523 366 1577 bella
378 1526 462 1590 atque
472 1521 622 1574 certamina
631 1522 806 1574 omnia'inter
815 1525 938 1577 mortalis

88 1603 159 1668 sunt,
173 1601 223 1654 scd
238 1600 404 1664 libertatem,
418 1614 499 1666 quam
512 1613 591 1650 nemo
604 1597 691 1649 bonus
704 1596 757 1650 nisi
771 1615 833 1650 eum
849 1600 938 1652 anirna

88 1676 167 1731 simul
180 1675 291 1729 amittit.
322 1674 360 1727 Te
373 1678 456 1742 atque
470 1676 595 1726 senatum
608 1672 779 1726 obtestamur
791 1675 938 1728 consulatis

88 1751 194 1805 miseris
211 1751 322 1818 civibus,
341 1750 410 1817 legis
428 1750 603 1819 praesidium,
621 1749 697 1818 quod
713 1749 843 1818 iniquitas
860 1768 946 1819 prae·

88 1828 155 1882 toris
167 1827 276 1896 eripuit,
288 1827 450 1894 restituatis,
462 1843 530 1880 neve
546 1825 624 1879 nobis
637 1842 696 1878 eam
709 1827 938 1882 uecessitudinem

87 1902 234 1970 imponatis
254 1906 286 1956 ut
307 1919 479 1971 quaeramus,
499 1918 616 1969 quonam
637 1902 718 1955 modo
739 1919 866 1956 maxume
886 1904 938 1959 ulti

88 1979 247 2046 sanguinem
258 1978 383 2032 nostrum
395 1978 561 2046 pereamus?

140 2060 180 2107 34.
218 2054 265 2107 Ad
276 2054 342 2108 haec
355 2054 387 2118 Q.
396 2053 516 2106 Marcius
527 2052 684 2120 respondit:
702 2054 725 2106 si
738 2054 803 2122 quid
815 2054 850 2108 ab
862 2072 938 2108 sena-

88 2132 120 2184 tu
135 2133 230 2198 petere
243 2130 351 2196 vellent,
363 2129 398 2182 ab
414 2129 496 2183 armis
510 2129 659 2196 discedant,
675 2129 789 2183 Romam
805 2131 938 2198 supplices

88 2207 308 2275 proficiscantur;
325 2221 357 2258 ea
373 2205 583 2258 mansuetudine
598 2208 681 2273 atque
697 2205 883 2259 misericordia
899 2222 939 2258 se

89 2286 183 2335 natum
201 2281 386 2350 populumque
406 2280 556 2333 Romanurn
575 2297 684 2347 semper
700 2281 791 2347 fuisse,
810 2287 841 2333 ut
859 2298 938 2334 nemo

89 2374 216 2426 umquam
233 2356 268 2409 ab
284 2373 315 2409 eo
330 2356 434 2409 frustra
448 2355 577 2408 auxilium
595 2356 732 2424 petiverit.
769 2359 809 2409 At
822 2357 939 2410 Catilina

89 2449 124 2485 cx
136 2432 235 2486 itinere
247 2432 385 2500 plerisque
398 2431 592 2497 consularibus,
604 2435 749 2500 praeterea
762 2436 872 2500 optume
884 2432 939 2485 cui-

89 2524 144 2577 que
162 2508 256 2561 literas
276 2508 376 2561 mittit:
401 2523 431 2560 so
448 2506 523 2559 falsis
541 2507 700 2560 criminibus
717 2508 939 2577 circumventum,

90 2583 217 2652 quoniam
237 2583 350 2639 factioni
371 2582 540 2635 inimicorum
560 2582 689 2636 resistere
710 2584 869 2650 nequiverit,
887 2584 940 2639 for-

90 2661 173 2712 tunae
189 2659 295 2724 cedere,
313 2658 462 2712 Massiliam
479 2658 507 2710 in
524 2658 636 2711 exilium
652 2659 798 2725 proficisci;
816 2677 869 2713 non
886 2679 940 2729 qno

91 2733 143 2787 sibi
163 2734 234 2788 tanti
256 2734 366 2787 sceleris
387 2733 510 2787 conscius
531 2737 611 2798 esset,
633 2733 681 2787 sed
704 2735 745 2787 uti
766 2752 811 2788 res
832 2736 941 2803 publica

91 2810 184 2880 quieta
201 2810 280 2877 foret,
298 2827 367 2864 neve
386 2827 420 2863 ex
439 2826 487 2862 suu
504 2809 678 2863 contentione
697 2811 796 2864 seditio
814 2813 939 2868 oriretur.

91 2886 138 2940 Ab
153 2887 196 2940 his
211 2886 291 2954 longe
311 2886 432 2941 divorsas
448 2886 542 2939 literas
561 2885 592 2950 Q.
605 2886 721 2940 Catulus
735 2887 768 2939 in
783 2892 891 2938 senatu
902 2905 953 2934 aa

90 2962 192 3031 citavit,
213 2979 281 3032 quas
304 2963 358 3017 sibi
379 2962 491 3017 noniino
513 2962 656 3017 Catilinae
677 2962 818 3014 senecas
841 2954 987 3003 exeamas-s

84 3054 177 3092 earum
191 3041 353 3112 exemplum
366 3042 443 3098 intra
455 3042 675 3113 scriptumest.

128 3120 169 3169 35.
211 3118 268 3175 “L.
287 3121 420 3179 Catilina
442 3121 476 3189 Q.
494 3119 618 3177 Catulo.
652 3106 795 3189 lssffiffill
811 3082 994 3222 ῗᾷἳὲζέ

64 3191 188 3259 mlta,
206 3207 297 3264 grata
318 3202 397 3258 mihi
418 3201 544 3273 nmgnis
561 3199 601 3254 iu
618 3190 706 3249 nucis
720 3193 815 3253 vem
