2070 3412
75 171 107 221 lo
323 170 352 218 C.
371 167 544 217 SALLUSTI
562 167 680 216 CRISPI

74 251 116 305 his
134 249 256 304 moribus
274 250 341 319 quin
360 250 463 304 divitiis
483 253 512 302 et
534 248 696 318 sumptibus,
713 265 768 303 non
785 249 928 318 probitate

73 342 163 394 neque
181 325 317 379 industria
335 343 394 380 cum
414 325 565 394 majoribus
583 325 638 379 suis
656 325 821 380 contendat?
842 327 933 379 etiam·

48 400 49 404 ’
73 401 197 454 homines
210 402 280 470 novi,
292 402 339 470 qui
352 406 435 455 ant-ea
446 418 496 470 per
509 402 640 455 virtutem
653 400 726 454 soliti
738 405 818 455 erant
828 401 927 455 nobili-

75 481 162 531 tatem
174 478 340 543 antevenire,
355 477 451 530 furtim
466 481 495 530 et
511 493 561 544 per
576 477 720 530 latrocinia
736 478 828 546 potius
844 493 926 546 quam

74 553 154 606 bonis
170 553 276 608 artibus
292 553 327 606 ad
345 553 459 621 imperia
476 555 505 606 et
521 553 637 606 honores
654 553 795 618 nituntur;
811 552 927 620 proinde
971 571 981 579 ·

74 629 153 698 quasi
168 633 297 694 praetura
312 633 342 682 et
358 629 514 682 consulatus
530 633 614 696 atque
630 629 683 682 alia
697 630 786 682 omnia
801 629 927 698 hujusce-

30 729 32 732 ·
75 704 154 764 modi
164 722 215 773 per
227 722 256 758 se
268 707 328 773 ipsa
341 705 414 758 clara
426 708 455 759 et
467 705 612 772 magnilica
624 705 686 771 sint,
699 722 731 759 ac
745 722 800 759 non
811 705 927 774 perinde

73 779 227 834 habeantur
238 784 270 834 ut
282 798 376 834 eorum
388 780 435 848 qui
450 797 483 834 ea
495 780 633 834 sustinent
645 781 733 834 virtus
746 784 795 835 est.
821 781 927 834 Verum

74 872 126 923 ego
138 856 251 909 liberius
263 856 401 924 altiusque
413 857 541 924 processi,
553 856 619 909 dum
631 871 676 910 me
688 856 808 910 civitatis
819 873 927 910 morum

74 932 152 1000 piget
163 932 328 999 taedetque;
345 948 417 984 nune
430 931 466 983 ad
478 932 617 998 inceptum
629 932 720 987 redeo.

127 1013 151 1060 5.
187 1007 294 1060 Bellum
311 1007 464 1074 scripturus
481 1025 548 1071 sum
564 1007 640 1075 quod
655 1008 771 1076 populus
788 1007 927 1064 Romanus

75 1099 137 1136 cum
157 1082 297 1150 Jugurtha
317 1099 383 1149 rege
407 1083 589 1136 Numidarum
608 1083 700 1151 gessit,
724 1085 841 1153 primum
862 1085 928 1154 quia

74 1174 203 1226 magnum
219 1160 249 1211 et
266 1163 345 1210 atrox
363 1158 491 1226 variaque
504 1159 618 1212 victoria
629 1159 690 1226 fuit,
703 1159 766 1213 dein
783 1161 848 1228 quia
860 1164 927 1215 tunc

74 1235 194 1301 primum
207 1233 351 1302 superbiae
364 1233 515 1287 nobilitatis
524 1234 631 1287 obviam
643 1235 712 1289 itum
725 1239 774 1300 est,
784 1253 854 1303 quae
866 1253 928 1290 eon·

76 1310 164 1363 tentio
177 1309 270 1362 divina
282 1312 311 1362 et
322 1309 441 1362 humana
453 1313 552 1363 cuncta
565 1312 726 1379 permiscuit
738 1328 824 1379 eoque
836 1327 927 1366 vecor-

75 1386 138 1439 diae
150 1386 291 1454 proeessit,
301 1386 342 1439 uti
356 1386 453 1438 studiis
466 1385 590 1439 civilibus
602 1385 703 1439 bellum
716 1390 800 1454 atque
811 1388 927 1447 vastitas

76 1461 173 1516 Italiae
190 1463 271 1516 finem
292 1463 401 1516 faceret.
438 1462 493 1516 Sed
508 1463 668 1531 priusquam
684 1461 872 1531 hujuscemodi
885 1463 926 1518 rei

74 1538 181 1592 initium
199 1539 323 1606 expedio,
340 1555 426 1606 pauca
444 1554 526 1607 supra
543 1542 675 1606 repetam,
693 1554 748 1607 quo
763 1538 800 1591 ad
815 1555 927 1607 cognos-

74 1614 191 1668 cendum
203 1615 293 1667 ernnia
305 1615 422 1668 illustria
433 1615 521 1682 magis
533 1615 674 1682 magisque
685 1614 714 1667 iu
726 1619 823 1683 aperto
835 1616 896 1670 sint.

112 1683 207 1743 'Bello
232 1690 333 1743 Punico
357 1689 484 1754 seeundo,
506 1707 560 1758 quo
584 1689 640 1743 dux
662 1690 927 1758 Carthaginiensium

76 1765 215 1819 Hannibal
237 1769 300 1833 post
318 1765 534 1833 magnitudinem
555 1766 671 1819 nominis
691 1766 807 1819 Romani
829 1768 927 1822 Italiae

75 1858 141 1910 opes
159 1858 286 1894 maxume
304 1842 456 1907 attriverat,
474 1842 621 1895 Masinissa
638 1859 688 1896 rex
703 1842 884 1896 Numidarum
897 1844 927 1896 iu

75 1917 224 1970 amicitiam
242 1925 369 1984 receptus
387 1934 403 1969 a
422 1916 450 1970 P.
465 1918 599 1987 Scipione,
619 1919 662 1971 eui
679 1921 776 1987 postea
794 1919 926 1973 Africano

75 2010 225 2061 cognomen
243 2009 278 2046 ex
296 1993 399 2046 virtute
418 1993 478 2060 fuit,
496 1994 583 2047 multa
600 1998 630 2047 et
645 1995 785 2062 praeclara
800 1995 841 2048 rei
858 1995 927 2048 mili-

75 2070 142 2124 taris
161 2068 280 2123 facinora
296 2069 407 2136 fecerat,
425 2069 460 2121 ob
474 2085 544 2138 quae
559 2069 639 2123 victis
657 2069 927 2138 Carthaginiensibus

75 2149 104 2199 et
122 2148 203 2214 capto
221 2144 350 2214 Syphace,
369 2145 448 2213 eujus
464 2145 493 2197 in
511 2144 606 2198 Africa
622 2162 750 2214 magnum
769 2151 853 2214 atque
870 2146 927 2202 late

74 2221 219 2290 imperium
238 2220 331 2288 valuit,
349 2221 466 2290 populus
488 2220 635 2290 Romanus,
656 2239 832 2291 quascunque
850 2223 927 2277 urbis
1006 2238 1010 2244 ’

76 2300 105 2351 et
117 2313 198 2365 agros
210 2314 294 2350 manu
305 2300 426 2366 ceperat,
437 2296 496 2364 regi
508 2297 580 2350 dono
593 2297 679 2351 dedit.
706 2298 797 2365 Igitur
808 2298 927 2353 amicitia

76 2373 238 2426 Masinissae
254 2373 327 2426 bona
343 2376 427 2441 atque
445 2372 561 2426 honesta
578 2373 657 2426 nobis
673 2375 835 2441 permansit:
854 2373 927 2444 [sed]

75 2449 174 2517 imperi
186 2448 315 2516 vitaeque
328 2447 387 2515 ejus
399 2448 462 2501 finis
474 2448 548 2501 idem
560 2447 620 2503 fuit.
645 2448 716 2502 Dein
728 2449 843 2517 Micipsa
854 2450 926 2504 filius

76 2541 191 2592 regnum
204 2524 276 2576 solus
289 2523 414 2588 obtinuit,
428 2523 616 2578 Mastanabale
629 2528 658 2578 et
668 2524 784 2578 Gulussa
794 2524 927 2580 fratribus

76 2600 170 2653 morbo
188 2599 348 2665 absumptis.
385 2599 414 2651 Is
432 2598 619 2653 Adherbalem
636 2604 667 2653 et
686 2599 872 2666 Hiempsalem
891 2618 926 2655 ex
970 2604 973 2611 ’

77 2693 136 2730 sese
149 2675 252 2742 genuit,
265 2675 284 2727 J
286 2675 495 2743 ugurthamque,
510 2675 596 2728 filium
613 2675 809 2729 Mastanabalis
823 2676 925 2744 fratris,

76 2768 157 2820 quem
170 2751 323 2817 Masinissa,
331 2750 405 2818 qued
417 2756 493 2803 ortus
505 2750 698 2804 exconcubina
710 2756 776 2819 erat,
789 2753 926 2821 privatum

76 2827 234 2894 reliquerat,
247 2826 344 2880 eodem
357 2826 433 2880 cultu
446 2843 499 2894 quo
511 2826 612 2881 liberos
625 2843 688 2880 suos
700 2827 774 2880 domi
786 2828 890 2883 habuit.

130 2909 153 2956 6.
187 2902 238 2964 Qui
254 2901 301 2955 ubi
315 2902 434 2970 primum
446 2902 573 2970 adolevit,
586 2903 690 2972 pollens
702 2903 812 2970 viribus,
826 2904 926 2958 deeora

63 2977 142 3041 meio,
161 2978 216 3029 sed
232 2978 322 3032 multo
338 2995 469 3034 maxume
486 2979 594 3049 ingenio
609 2979 725 3045 ualidus,
741 2996 795 3032 non
813 2997 842 3033 se
859 2981 926 3034 luxu

39 3060 145 3127 'neque
155 3052 280 3108 ihertiac
292 3058 536 3129 corrumpendum
550 3056 642 3122 dedit,
651 3056 712 3122 sed,
721 3055 766 3108 uti
774 3071 838 3107 nius
848 3055 940 3120 gentis

27 3115 111 3169 ‘Ilm
127 3128 179 3190 ⁶³³2,
199 3131 343 3200 equitare,
360 3134 500 3207 jaculari,
514 3152 605 3192 cursu
625 3149 693 3190 eum
709 3128 879 3198 aequalibus
894 3140 955 3176 cer·

62 3202 87 3252 θ’
114 3199 147 3248 ‘³¹5
170 3216 267 3269 quum
294 3214 395 3268 omnis
416 3215 520 3286 gloria
544 3213 690 3278 anteiret,
710 3205 851 3261 omnibus
870 3204 975 3252 tamen
