2070 3412
197 418 241 502 C.
281 411 564 501 SALLUSTI
608 409 809 495 CRI-SPI

127 582 375 668 BELLUM
416 575 872 698 JUGURTHINUM.

447 777 548 806 ..4-

80 923 102 970 l.
130 917 221 971 anso
233 917 359 986 queritur
370 915 406 970 de
417 919 517 969 natura
528 931 576 969 sna
587 931 674 984 genus
684 914 840 983 humanum,
852 912 928 984 quod

79 992 215 1047 imbecilla
232 997 315 1061 ablue
334 992 394 1045 aevi
411 991 503 1045 brevis
520 990 593 1044 forte
613 990 705 1060 potius
725 1007 808 1059 qnam
824 990 928 1044 virtute

80 1072 197 1136 regatur.
241 1069 312 1121 Nam
333 1071 428 1121 contra
450 1067 605 1136 reputando
628 1083 716 1135 neque
740 1066 830 1136 majus
852 1065 928 1119 aliud

80 1162 167 1213 neque
187 1143 378 1214 praestabilius
398 1143 526 1207 invenias,
543 1143 684 1211 magisque
702 1145 817 1196 naturae
834 1141 928 1196 indus-

79 1221 160 1274 triam
171 1220 309 1274 hominum
321 1236 403 1289 quam
416 1219 470 1271 vim
482 1221 531 1271 aut
543 1221 653 1288 tempus
665 1218 769 1272 deesse.
802 1217 858 1273 Sed
870 1217 928 1271 dux

79 1302 162 1365 atque
178 1297 328 1365 imperator
347 1296 418 1349 vitae
435 1294 590 1347 mortalium
605 1295 711 1348 animus
725 1296 775 1348 est.
812 1294 865 1359 Qui
880 1292 927 1346 ubi

79 1373 115 1426 ad
133 1373 247 1442 gloriam
268 1372 378 1426 virtutis
399 1371 444 1423 via
462 1374 612 1438 grassatur,
630 1369 740 1423 abunde
757 1369 863 1439 pollens
880 1385 928 1438 po

79 1451 194 1517 teneque
210 1451 240 1501 et
256 1448 345 1501 clarus
361 1450 411 1509 est,
423 1462 511 1515 neque
527 1447 637 1500 fortuna
652 1448 732 1514 eget3
749 1446 850 1514 quippe
865 1460 928 1514 pro-

79 1526 201 1592 bitatem,
222 1524 385 1577 industriam
406 1523 526 1592 aliasque
550 1522 618 1576 artis
640 1521 726 1575 bonas
749 1538 839 1590 neque
860 1521 928 1576 dare

78 1618 167 1668 neque
180 1601 286 1668 cripere
297 1597 447 1668 [cuiquam]
458 1601 566 1665 potest;
584 1599 625 1651 sin
637 1601 735 1667 captus
747 1598 839 1667 pravis
853 1597 928 1668 cupi-

79 1676 187 1730 dinibus
199 1676 236 1728 ad
251 1676 378 1728 inertiam
394 1677 423 1727 et
435 1674 588 1742 voluptates
600 1674 721 1742 corporis
734 1672 928 1743 pessumdatus

79 1755 129 1819 est,
138 1751 289 1820 perniciosa
298 1750 420 1803 lubidine
428 1750 567 1818 paulisper
575 1766 648 1818 usus,
658 1749 705 1802 ubi
716 1766 768 1819 per
777 1749 928 1803 secordiam

78 1828 158 1895 vires,
178 1829 296 1893 tempus,
317 1825 456 1893 ingenium
477 1824 628 1892 diffluxere,
648 1828 764 1879 natiuae
783 1824 929 1879 infirmitas

67 1906 237 1965 ‚accusatum
262 1918 338 1954 suam
357 1901 471 1970 quisque
489 1901 595 1970 culpam
616 1904 742 1955 auctores
761 1900 797 1954 ad
817 1903 929 1969 negotia

79 1978 255 2033 transferunt.
291 1977 394 2043 Quodsi
412 1977 567 2030 hominibus
585 1977 718 2030 bonarum
736 1993 829 2031 rerum
850 1981 929 2032 tenta

78 2072 143 2109 cura
157 2057 237 2121 esset,
249 2058 351 2122 quanto
366 2053 458 2107 studio
472 2053 561 2108 aliena
573 2070 605 2107 ac
619 2053 686 2106 nihil
700 2053 844 2122 profutura
859 2053 929 2107 mul-

79 2136 193 2199 tumque
202 2130 286 2183 etiam
294 2128 447 2198 periculosa
455 2132 562 2197 petunt,
572 2145 662 2196 neque
670 2133 833 2197 regerentur
841 2129 929 2198 magis

79 2224 159 2276 quam
178 2211 307 2274 regerent
325 2223 411 2272 casus,
431 2207 460 2258 et
479 2222 511 2258 eo
532 2204 729 2272 magnitudinis
747 2205 929 2275 procederent

24 2277 27 2284 ’
78 2284 120 2336 nti
131 2300 181 2351 pro
193 2282 354 2335 mortalibus
366 2281 453 2349 gloria
464 2281 569 2335 aeterni
581 2281 687 2335 fierent.

131 2366 154 2412 2.
190 2359 262 2412 Nam
274 2358 314 2411 uti
327 2375 413 2426 genus
425 2357 563 2411 hominum
575 2356 755 2426 compositum
767 2373 801 2410 ex
814 2373 929 2426 corpore

79 2440 108 2490 et
127 2436 217 2489 anima
235 2437 286 2502 est,
305 2435 345 2488 ita
365 2427 410 2488 re's
429 2438 541 2487 cunctae
560 2433 707 2501 studiaque
725 2433 816 2486 omnia
835 2437 930 2487 nostra

78 2511 199 2580 corporis
222 2511 283 2577 alia,
305 2511 359 2563 alia
379 2510 462 2563 animi
484 2514 610 2563 naturam
634 2512 793 2577 sequuntur.
838 2509 930 2577 Igitur

79 2586 220 2658 praeclara
241 2587 332 2654 facies,
349 2602 463 2653 magnae
482 2585 602 2652 divitiae,
620 2585 656 2638 ad
676 2585 727 2638 hoe
747 2585 788 2638 vis
809 2585 930 2653 corporis

79 2668 107 2718 et
123 2664 177 2717 alia
192 2662 382 2732 hujuscemodi
400 2662 490 2714 omnia
505 2661 581 2714 brevi
599 2661 771 2725 dilabuntur;
789 2664 820 2715 at
836 2660 930 2728 ingeni

78 2740 189 2808 egregia
201 2740 321 2793 facinora
333 2738 403 2792 sicut
415 2738 504 2790 anima
515 2737 678 2790 immortalia
691 2740 760 2791 sunt.
786 2736 930 2790 Postremo

79 2818 198 2884 cumeris
219 2819 248 2869 ct
268 2816 393 2868 fortrmae
411 2813 545 2866 bonorum
564 2817 595 2867 ut
614 2813 723 2866 initium
742 2813 780 2866 sic
799 2813 861 2866 finis
879 2816 930 2874 cst,

79 2892 222 2960 numisque
236 2896 298 2945 orta
310 2890 437 2943 occidunt
454 2892 483 2942 et
497 2892 577 2942 aucta
593 2892 754 2952 senescunt;
772 2888 877 2941 aninms
891 2887 931 2940 in-

59 2970 217 3034 emptus,
236 2972 379 3035 aeternus,
398 2969 491 3022 rector
508 2965 625 3020 humani
641 2964 760 3034 generis
775 2964 837 3028 agit
851 2967 937 3026 atauus

38 3033 134 3090 habet
144 3048 256 3110 cuneta,
271 3063 371 3116 neque
387 3046 452 3117 ipse
469 3045 603 3100 habetur.
641 3042 705 3108 Quo
721 3038 815 3104 magis
828 3033 956 3116 prauitas

21 3119 128 3164 ‘'0'‘11111
145 3117 329 3179 admiranda
351 3131 407 3195 est,
430 3126 485 3196 qui
508 3123 610 3189 dediti
632 3115 765 3189 corporis
786 3108 903 3178 gaudiis
917 3115 981 3176 per·
