2056 3406
410 150 595 202 CATILINA.
664 156 670 173 ¹
893 155 925 201 ’21

77 250 153 288 mum
165 234 198 289 D.
209 234 290 289 Bruti
302 233 437 304 perducit,
450 228 524 302 quod
533 233 592 297 foro
600 231 754 302 propinqua
765 234 826 286 erat
838 248 928 301 neque

78 311 167 364 aliena
178 311 271 365 consili
284 315 397 380 propter
410 308 611 377 Semproniam
629 310 693 362 nam
704 314 764 362 tum
777 308 881 363 Brutus
893 309 928 362 ab

78 385 166 440 Roma
178 388 282 441 aberat.
319 386 467 439 Praeterea
480 382 634 450 Gabinium,
642 386 756 438 arcessit
769 401 832 452 quo·
840 384 929 453 major

77 462 227 517 auctoritas
239 462 358 516 sermoni
369 461 479 514 inesset.
504 460 544 512 Eo
556 463 702 528 praesente
713 459 928 527 conjurationem

77 539 176 607 aperit,
184 539 306 592 nominat
323 537 415 605 socios,
427 538 573 604 practerea
584 534 686 589 multos
700 535 834 604 cujusque
846 554 928 604 gene

77 615 116 667 ris
134 614 265 682 innoxios,
277 631 331 682 quo
348 611 571 680 legatisauinrus
589 610 705 680 amplior
721 617 810 677 essct3
828 612 930 668 deinde

76 706 124 743 eos
135 690 270 758 pollicitos
283 706 393 757 operam
406 705 482 742 suam
495 686 629 757 [domum]
642 687 766 741 dimittit.

77 822 80 827 ⁴
128 772 169 818 41.
200 765 256 818 Sed
267 765 432 832 Allobroges
444 765 491 817 diu
502 765 531 816 in
542 764 646 817 incerto
659 762 786 832 habuere,
799 766 928 833 quidnam

77 841 170 894 consili
183 842 320 909 caperent.
337 832 344 846 ‘
358 839 392 893 ln
404 841 492 894 altera
503 843 583 908 parte
598 842 658 892 erat
671 856 717 892 aes
733 840 858 908 alienum,
872 845 928 894 stu-

77 917 151 970 dium
165 917 236 984 bclli,
251 932 350 985 magna
361 932 467 970 merces
481 917 509 967 in
526 932 574 983 spe
591 914 735 980 victoriae;
753 919 783 970 at
797 917 825 969 in
842 917 929 971 altera

76 992 195 1061 majores
212 1009 285 1061 opes,
298 995 361 1046 tuta
378 991 497 1056 consilia,
510 1007 561 1059 pro
576 990 682 1045 incerta
697 1008 745 1060 spe
761 995 837 1046 certa
850 1009 928 1061 prae-

76 1069 136 1122 mia.
174 1069 251 1122 llaec
269 1070 324 1123 illis
342 1067 513 1122 volventibus
531 1066 643 1121 tandem
666 1068 731 1122 vicit
755 1069 865 1123 fortuna
888 1071 928 1122 rei

75 1145 207 1214 publicae.
244 1145 346 1213 Itaque
361 1146 391 1210 Q.
405 1143 492 1198 Fabio
509 1143 623 1212 Sangae,
636 1143 715 1213 cujus
730 1145 880 1213 patrocinio
892 1146 928 1198 ci-

75 1219 145 1274 vitas
162 1221 309 1289 plurimum
326 1221 464 1287 utebatur,
483 1237 542 1273 rem
561 1236 669 1273 omnem
685 1222 727 1274 uti
745 1225 928 1288 cognoverant

75 1297 210 1365 aperiunt.
247 1298 344 1351 Cicero
362 1313 412 1365 per
434 1297 552 1364 Sangam
571 1295 682 1348 consilio
703 1295 811 1362 cognito
830 1296 927 1364 legatis

76 1372 225 1440 praecepit,
243 1375 275 1424 ut
293 1372 414 1425 studium
432 1370 627 1439 conjurationis
645 1370 821 1424 vehementer
846 1373 927 1425 simu-

75 1446 142 1514 lent,
154 1452 260 1501 ceteros
273 1447 381 1514 adeant,
393 1446 464 1499 bene
477 1445 664 1514 polliceantur,
680 1445 803 1514 dentque
814 1463 925 1516 operam

67 1525 108 1575 'ut
121 1539 167 1577 eos
180 1539 262 1589 quam
274 1531 402 1575 maxume
411 1522 568 1574 manifestos
580 1520 707 1574 habeant.

69 1615 73 1620 ’
127 1605 167 1651 42.
205 1598 298 1651 Isdem
309 1598 368 1651 fere
379 1596 551 1666 temporibus
562 1596 591 1648 in
604 1596 693 1650 Gallia
704 1599 831 1651 citeriore
841 1600 927 1666 atquc

75 1673 214 1740 ulteriore,
232 1675 299 1727 item
317 1673 345 1726 in
363 1689 429 1740 agro
448 1671 555 1739 Piceno,
573 1671 692 1739 Bruttio,
710 1673 817 1743 Apulia,
833 1678 927 1728 motus

69 1753 142 1804 erat.
178 1750 304 1818 Namque
320 1748 367 1816 illi,
379 1765 448 1816 quos
460 1751 525 1802 ante
537 1747 655 1803 Catilina
670 1748 820 1818 dimiserat,
836 1750 925 1804 incon-

75 1825 147 1879 sulte
165 1842 197 1879 ac
215 1825 300 1879 veluti
320 1841 371 1893 per
388 1825 555 1878 dementiam
573 1827 671 1880 cuncta
688 1827 768 1882 simul
791 1826 926 1894 agebant5

66 1903 212 1955 ‘nocturnis
221 1900 345 1970 consiliis,
353 1917 490 1955 armorum
500 1898 583 1974 atque
591 1901 708 1955 telorum
717 1903 925 1971 portationibus,

74 1977 237 2046 festinando,
255 1977 384 2046 agitando
402 1978 491 2031 omnia
509 1978 570 2046 plus
587 1979 693 2032 timoris
711 1996 792 2047 quam
809 1980 924 2048 periculi

74 2053 227 2108 effecerant.
264 2055 305 2108 lln
322 2072 354 2109 eo
366 2072 481 2108 numero
494 2055 639 2123 compluris
652 2055 682 2118 Q.
697 2055 825 2110 Metellus
843 2056 924 2110 Ccler

73 2133 184 2204 pqoetor
208 2147 243 2183 ex
262 2131 350 2185 senati
375 2131 500 2184 consulto
524 2147 620 2183 caussa
643 2129 751 2197 cognita
770 2130 797 2183 in
816 2132 924 2185 vincula

74 2206 242 2274 conjecerat;
264 2206 331 2260 item
348 2206 375 2259 in
391 2207 516 2260 citeriore
539 2206 627 2260 Gallia
646 2207 675 2259 C.
690 2206 813 2273 Murena,
832 2208 879 2275 qui
898 2210 923 2262 ri

72 2283 490 2351 provinciae'legatuspraeerat.

125 2365 167 2413 43.
204 2360 244 2412 At
262 2359 365 2412 Romae
379 2358 512 2412 Lentulus
527 2375 589 2412 cum
605 2359 712 2426 ceteris,
728 2359 775 2428 qui
788 2359 923 2430 principes

47 2454 53 2470 0
73 2435 268 2504 conjurationis
278 2437 365 2501 erant,
374 2434 480 2502 paratis
491 2437 523 2487 ut
535 2434 701 2489 videbantur
712 2436 818 2502 magnis
830 2437 922 2505 copiis,

17 2543 20 2550 ·
72 2510 280 2578 constituerant,
293 2511 342 2578 uti,
354 2528 437 2580 quum
455 2510 573 2564 Catilina
589 2511 617 2564 in
629 2527 724 2579 agrum
741 2511 922 2566 Faesulanum

72 2603 134 2641 cum
158 2589 281 2640 exercitu
300 2586 427 2653 venisset,
448 2587 478 2639 L.
497 2586 592 2640 Bestia
612 2581 844 2656 tribunusplebis
862 2605 923 2641 con-

64 2662 147 2715 tione
159 2661 254 2716 habita
263 2666 425 2731 quereretur
437 2661 472 2716 de
485 2662 636 2715 actionibus
646 2662 791 2730 Ciceronis,
802 2663 923 2731 bellique

72 2738 233 2812 gravissumi
244 2737 376 2791 invidiam
386 2742 497 2806 optumo
509 2737 613 2791 consuli
625 2737 793 2806 imponerem
805 2755 837 2792 co
847 2740 923 2805 signo

72 2830 206 2883 proxuma
228 2818 308 2867 nocte
331 2817 424 2867 cetera
452 2812 601 2867 multitudo
628 2813 828 2881 conjurationis
845 2830 922 2866 suum

73 2890 188 2959 quisque
212 2891 351 2957 negotium
376 2893 580 2959 exsequeretur.
624 2888 679 2942 Scd
703 2905 735 2942 ea
762 2890 849 2942 divisa
872 2890 923 2943 hoc

72 2965 154 3019 modo
169 2966 343 3020 dicebantur:
363 2966 487 3019 Statilius
503 2969 533 3018 et
546 2964 677 3018 Gabinius
692 2964 816 3017 uticum
825 2980 936 3022 mm.

72 3057 154 3094 manu
163 3041 306 3096 duodecim
319 3042 401 3096 simul
413 3046 573 3112 opportuna
578 3040 649 3093 loca
655 3038 743 3090 untias
747 3028 968 3112 incendemus,¹

67 3133 123 3183 <luo
150 3117 271 3172 tumultu
294 3119 404 3175 facilior
430 3119 530 3175 aditus
553 3115 599 3171 ad
621 3111 778 3168 consum
800 3097 968 3199 “Qqffi

57 3192 161 3258 quibus
180 3195 302 3254 insidiae
322 3194 644 3327 parabantuqirerem
667 3183 834 3239 <tauream
847 3161 908 3208 Q
