2070 3412
400 148 585 196 sammua.
905 150 934 218 a

67 225 140 276 mani
158 223 282 291 carptim,
298 223 340 277 uti
356 240 481 293 quaeque
497 224 629 280 memoria
647 224 730 294 digna
746 226 920 296 videbantur,

67 297 236 368 perscribere
244 319 251 364 ;
266 316 299 354 eo
312 300 398 368 magis
414 300 489 370 quod
504 300 572 354 mihi
587 318 604 354 a
620 318 677 370 spe,
693 305 777 369 metu,
794 303 921 371 partibus

67 374 244 443 reipublicae
256 375 362 429 animus
374 375 444 429 liber
456 379 523 430 erat.
561 377 652 444 Igitur
664 377 700 430 de
713 378 846 433 Catilinae
858 396 920 432 con-

62 449 204 518 juratione
216 468 298 519 quam
310 451 461 505 verissume
472 455 570 520 potero
581 453 674 520 paucis
687 452 839 519 absolvam3
857 472 920 508 narn

66 526 96 580 id
114 527 218 580 facinus
237 527 264 579 in
282 527 377 596 primis
395 543 446 595 ego
462 528 638 581 memorabile
656 529 793 582 existumo
811 529 921 583 sceleris

67 605 151 672 atque
172 603 286 670 periculi
310 603 440 656 novitate.
487 604 530 656 De
556 603 635 672 cujus
661 603 776 658 hominis
800 604 921 659 moribus

66 695 153 748 pauca
175 681 252 748 prius
275 679 446 748 explananda
470 683 533 733 sunt
556 695 637 747 qnam
661 680 767 733 initium
792 681 920 735 narrandi

66 755 172 810 faciam.

119 838 142 884 5.
179 831 278 885 Lucius
291 831 416 901 Catilina,
433 831 518 885 nobili
534 846 636 899 genere
650 833 739 898 natus,
754 831 806 884 fuit
822 848 921 899 magna

66 908 93 961 vi
106 911 136 962 et
147 907 230 961 animi
243 911 271 961 et
284 908 410 975 corporis,
420 907 470 962 sed
478 907 587 975 ingenio
595 906 667 959 malo
675 922 822 975 pravoque.
847 907 920 961 Huic

67 983 103 1037 ab
112 983 298 1036 adulescentia
306 983 378 1036 bella
386 983 524 1049 intestina,
536 982 642 1050 caedes,
651 983 771 1051 rapinae,
784 981 920 1036 discordia
932 1028 937 1032 .

67 1059 153 1112 civilis
176 1063 256 1127 grata
278 1059 363 1123 fuere,
386 1059 478 1127 ibique
496 1058 672 1127 juventutem
692 1074 768 1112 suam
788 1059 918 1112 exercuit.

68 1135 174 1203 Corpus
186 1135 293 1204 patiens
304 1134 420 1202 inediae,
433 1134 540 1203 algoris,
552 1135 666 1202 vigiliae,
680 1151 761 1202 supra
774 1151 855 1205 quam
864 1135 920 1188 cui-

67 1228 148 1279 quam
161 1209 300 1264 credibile.
338 1211 456 1264 Animus
468 1211 565 1278 audax,
578 1210 716 1277 subdolus,
731 1208 830 1277 varius,
843 1209 920 1278 cujus

67 1287 107 1339 rei
120 1285 198 1339 lubet
210 1286 352 1340 simulator
364 1303 396 1340 ac
408 1286 594 1340 dissimulator
606 1308 612 1351 ;
629 1286 709 1339 alieni
723 1289 864 1354 appetens,
878 1286 920 1338 sui

68 1362 200 1431 profusus,
227 1362 327 1416 ardens
350 1362 378 1415 in
406 1361 620 1430 cupiditatibus;
646 1362 712 1415 satis
740 1362 920 1430 eloquentiae,

68 1438 217 1506 sapientiae
228 1455 332 1507 parurn.
369 1438 473 1492 Vastus
489 1437 594 1490 animus
606 1437 793 1504 immoderata,
804 1437 920 1489 incredi-

68 1512 138 1579 bilia,
156 1514 237 1568 nimis
253 1515 318 1581 alta¹
328 1530 436 1583 semper
453 1512 587 1581 cupiebat.
624 1513 706 1565 Hune
721 1517 784 1580 post
800 1511 919 1564 domina-

67 1590 170 1643 tionem
185 1590 252 1643 ani
268 1590 358 1644 Sullae
372 1589 465 1643 lubido
484 1605 611 1642 maxuma
625 1589 761 1641 invaserat
776 1588 817 1640 rei
831 1587 917 1655 publi-

68 1681 116 1719 cae
139 1665 297 1734 capiundae,
319 1683 409 1734 neque
432 1665 462 1718 id
484 1664 582 1733 quibus
606 1663 694 1717 modis
718 1666 919 1731 assequeretur,

68 1741 134 1795 dum
159 1741 210 1795 sibi
234 1759 347 1810 regnum
372 1745 490 1811 pararet,
518 1741 669 1809 quicquam¹
691 1741 768 1808 pensi
792 1739 918 1792 habebat.

69 1817 237 1886 Agitabatur
249 1819 335 1886 magis
348 1818 489 1885 magisque
505 1816 534 1869 in
546 1816 606 1870 dies
620 1817 725 1870 animus
737 1816 814 1868 ferox
829 1816 920 1882 inopia

68 1895 108 1948 rei
120 1894 262 1947 familiaris
278 1899 307 1948 et
321 1895 485 1948 conscientia
502 1893 642 1958 scelerum,
658 1910 727 1960 quae
744 1895 860 1960 utraque
876 1891 924 1944 his

67 1969 173 2023 artibus
185 1973 307 2037 auxerat,
321 1987 388 2038 quas
400 1987 483 2038 supra
494 1969 649 2022 memoravi.
674 1967 830 2022 Incitabant
842 1984 920 2035 praa·

67 2047 146 2099 terea
158 2046 279 2113 corrupti
295 2046 414 2099 civitatis
430 2062 526 2110 mores,
544 2061 612 2112 quos
630 2062 757 2114 pessuma
765 2061 799 2108 ae
811 2044 920 2097 divorsa

68 2119 141 2174 inter
161 2137 191 2174 se
209 2122 287 2187 mala,
309 2122 417 2174 luxnrla
437 2125 520 2189 atque
542 2121 664 2186 avaritia,
685 2120 828 2174 vexabant.
864 2119 921 2173 Res

68 2196 128 2264 ipsa
140 2196 245 2250 hortari
260 2196 378 2264 videtur,
393 2198 518 2265 quoniam
534 2197 569 2249 de
584 2197 705 2251 moribus
719 2196 838 2249 civitatis
852 2199 921 2248 tern-

68 2288 120 2340 pus
132 2271 280 2338 admonuit,
299 2288 383 2340 supra
397 2276 523 2339 repetere
540 2289 571 2325 ac
588 2273 681 2340 paucis
697 2272 825 2325 instituta
835 2269 920 2337 majo-

2 2405 6 2412 ,
69 2364 131 2400 rum
149 2347 225 2400 domi
241 2348 417 2416 militiaeque,
437 2364 491 2415 quo
507 2347 589 2401 modo
607 2365 665 2400 rem
683 2347 819 2415 publicam
837 2345 921 2398 habu-

69 2423 142 2476 erint
154 2426 339 2491 quantamque
352 2423 520 2490 reliquerint,
534 2427 567 2476 ut
578 2424 710 2491 paulatim
725 2423 871 2476 immutata
887 2436 921 2473 ex

69 2499 261 2568 pulcherruma
278 2515 405 2566 pessuma
426 2515 457 2551 ae
474 2498 692 2566 flagitiosissuma
712 2500 786 2552 facta
804 2497 848 2563 sit,
866 2495 921 2548 dis-

70 2592 170 2630 serere.

123 2658 146 2706 6.
170 2650 275 2704 Urbem
286 2650 410 2720 Romam,
419 2650 491 2705 sicut
503 2669 555 2719 ego
567 2652 667 2720 accepi,
675 2650 824 2705 condidere
836 2653 921 2718 atque

69 2727 192 2781 habuere
208 2727 287 2780 initio
304 2726 421 2795 Trojani,
438 2729 484 2796 qui
497 2728 593 2780 Aenea
606 2727 675 2780 duce
685 2727 795 2795 profugi
811 2726 921 2779 sedibus

70 2804 185 2858 incertis
197 2803 376 2871 vagabantur,
395 2820 512 2871 eumque
526 2803 569 2856 his
584 2803 756 2870 Aborigines,
772 2818 856 2869 genus
874 2801 921 2854 ho-

70 2879 175 2932 minum
187 2885 304 2946 agreste,
314 2879 371 2933 sine
380 2879 493 2948 legibus,
507 2879 564 2932 sine
576 2880 698 2948 imperio,
708 2878 823 2930 liberum
836 2880 921 2944 atque

71 2956 200 3010 solutum.
236 2956 276 3009 Hi
294 2961 439 3024 postquam
454 2956 482 3008 in
498 2973 552 3009 una
567 2956 673 3008 moenia
692 2969 850 3020 convenere,
867 2954 921 3006 dis-

71 3032 132 3101 pari
146 3047 257 3098 genere,
274 3031 398 3085 dissimili
416 3031 516 3099 lingua,
537 3032 605 3084 alius
624 3031 676 3082 alio
694 3046 770 3081 more
789 3029 935 3082 νίψω,

72 3106 235 3161 incredibile
251 3112 405 3161 memoratu
421 3112 468 3162 est
483 3106 670 3177 quamn-acue
686 3098 862 3172 commem.
886 3089 977 3188 'aeg

68 3185 218 3253 postquam
247 3201 293 3240 res
319 3201 422 3241 comm
447 3185 572 3248 civibus,
590 3176 744 3234 montense
764 3174 854 3224 ‘iffi
882 3163 944 3198 m*
