2070 3412
247 185 275 233 0.
294 182 467 233 SALLUSTI
485 184 603 233 ORISPI
619 185 638 233 J
641 183 828 234 UGURTHA.
929 187 960 236 39

112 263 206 319 luxum
226 266 310 332 atque
331 263 467 330 ignaviam
487 267 608 318 aetatem
628 267 720 332 agunt,
743 269 866 319 ceterum
886 265 961 332 inge·
984 262 987 268 ’

111 341 195 408 nium,
207 357 261 408 quo
276 356 365 408 neque
382 339 479 393 melius
494 357 584 408 noque
599 341 716 409 amplius
728 341 802 393 aliud
818 341 845 394 in
862 343 961 393 natura

112 416 266 470 mortalium
280 420 328 481 est,
340 416 444 468 incultu
460 420 543 484 atque
557 416 679 470 secordia
696 420 849 485 torpescere
863 417 961 474 sinunt,

112 510 195 561 quum
207 492 369 561 praesertim
380 496 436 544 tam
449 493 552 546 multae
562 493 707 562 variaeque
720 493 774 545 sint
783 494 857 545 artes
868 492 960 558 animi,

113 567 212 637 quibus
224 584 330 621 summa
342 567 477 620 claritudo
488 573 607 636 paratur.

164 651 187 699 3.
224 643 328 696 Verum
344 659 377 696 ex
392 642 435 696 his
452 644 627 711 magistratus
642 648 671 697 et
687 644 808 713 imperia,
822 646 961 713 postremo

112 721 199 773 omnis
210 736 276 773 cura
288 736 379 773 rerum
391 719 560 789 publicarum
572 721 692 773 minume
701 721 767 774 mihi
779 722 830 775 hac
841 724 960 788 tempes-

111 799 170 850 tate
190 796 327 865 cupiunda
346 795 482 864 videntur,
504 797 630 864 quoniam
651 814 740 865 neque
758 797 854 850 virtuti
875 796 960 849 honos

112 871 201 940 datur,
213 888 303 940 neque
317 871 363 939 illi,
377 872 476 940 quibus
489 890 541 942 per
553 873 678 926 fraudem
693 874 716 926 is
728 873 786 936 lixit,
799 873 853 925 tuti
867 875 916 926 aut
928 889 960 926 eo

111 948 197 1015 magis
209 947 316 1001 honesti
328 951 399 1002 sunt.
426 949 452 1001 N
454 965 498 1001 arn
510 950 536 1002 vi
549 948 660 1017 quidem
673 966 770 1016 regere
782 949 898 1016 patriam
911 953 960 1001 aut

111 1027 247 1092 parentes,
257 1040 421 1092 quamquam
434 1028 463 1078 et
474 1027 561 1093 possis
574 1029 602 1079 et
615 1025 716 1079 delicta
728 1025 854 1092 corrigas,
867 1028 960 1077 tamen

111 1099 297 1169 importunum
314 1103 364 1167 est,
378 1117 461 1168 quum
478 1101 639 1168 praesertim
657 1117 751 1155 omnes
767 1117 859 1154 rerum
871 1097 960 1154 muta·

112 1175 199 1228 tiones
211 1175 329 1239 eaedem,
340 1175 433 1243 lugam
450 1176 557 1244 aliaque
573 1176 683 1231 hostilia
695 1176 876 1245 portendant;
892 1176 960 1229 frus

112 1253 157 1304 tra
179 1254 271 1304 autem
290 1251 349 1317 niti,
368 1267 456 1318 neque
480 1252 556 1305 aliud
579 1268 608 1304 se
627 1252 768 1319 fatigando
792 1252 844 1305 nisi
868 1251 960 1305 odium

112 1343 244 1394 quaerere
262 1329 402 1379 extremae
419 1327 574 1382 dementiae
590 1331 632 1381 est
641 1349 647 1392 3
665 1329 716 1380 nisi
734 1329 805 1382 forte
822 1344 903 1396 quem
920 1328 960 1380 in-

112 1400 227 1455 honesta
243 1404 272 1455 et
287 1402 438 1469 perniciosa
453 1402 546 1457 lubido
563 1407 640 1457 tenet
656 1404 795 1472 potentiae
812 1419 960 1471 paucorum

113 1477 196 1530 decus
208 1480 292 1544 atque
304 1476 460 1530 libertatem
474 1495 549 1532 suam
561 1479 717 1546 gratificari.

164 1559 189 1606 4.
224 1553 353 1607 Ceterum
368 1570 403 1606 ex
419 1552 479 1606 aliis
495 1555 618 1622 negotiis,
632 1571 702 1622 quae
713 1553 823 1620 ingenio
835 1569 961 1607 exercen-

113 1633 165 1695 tur,
178 1629 312 1697 inprimis
327 1645 425 1697 magno
437 1630 498 1683 usui
510 1634 553 1683 est
567 1631 696 1683 memoria
708 1646 799 1682 rerum
813 1633 959 1697 gestarum.

113 1706 199 1774 Cujus
212 1706 247 1759 de
256 1706 358 1759 virtute
368 1706 432 1775 quia
444 1706 522 1760 multi
535 1706 631 1760 dixere
642 1706 872 1775 praetereundum
885 1710 960 1775 puto,

113 1782 191 1835 simul
204 1798 238 1835 ne
250 1799 299 1850 per
311 1782 481 1836 insolentiam
492 1782 554 1852 quis
566 1784 713 1837 existumet
724 1787 827 1836 memet
839 1782 959 1836 studium

112 1875 203 1911 meum
220 1857 356 1911 laudando
373 1859 512 1913 extollere.
550 1861 643 1928 Atque
660 1875 711 1926 ego
727 1858 808 1912 credo
824 1859 890 1926 fore,
904 1857 959 1926 qui,

113 1934 177 2003 quia
195 1933 302 1987 decrevi
320 1934 414 2001 procul
432 1951 449 1987 a
469 1952 500 1989 re
518 1934 625 2003 publica
641 1938 760 1988 aetatem
777 1950 866 2002 agere,
882 1937 960 1986 tanto

113 2012 224 2078 tamque
233 2008 294 2062 utili
306 2009 394 2062 labori
406 2026 467 2063 meo
476 2027 574 2064 nornen
586 2011 701 2064 inertiae
713 2010 871 2078 imponant3
885 2012 961 2062 certe

113 2084 211 2155 quibus
231 2102 358 2139 maxuma
378 2086 514 2139 industria
533 2085 641 2139 videtur
663 2085 782 2139 salutare
803 2084 910 2154 plebem
932 2089 962 2138 et

112 2162 240 2215 conviviis
252 2162 368 2228 gratiam
381 2178 524 2229 quaerere.
552 2161 604 2225 Qui
617 2161 640 2213 si
652 2161 848 2229 reputaverint,
861 2163 890 2213 et
902 2159 961 2228 qui-

112 2237 163 2290 bus
180 2253 230 2304 ego
244 2237 413 2304 temporibus
429 2239 608 2306 magistratus
624 2232 741 2303 adeptus
755 2237 813 2301 sim,
826 2239 855 2289 et
867 2236 961 2303 quales

112 2313 163 2366 viri
183 2312 256 2366 idern
275 2313 384 2381 assequi
405 2312 584 2382 nequiverint,
602 2316 633 2366 et
652 2316 749 2380 postea
769 2328 838 2380 quae
859 2328 961 2378 genera

112 2389 250 2442 hominum
273 2388 302 2440 in
325 2391 451 2441 senatum
471 2388 654 2456 pervenerint,
674 2388 796 2456 profecto
815 2386 961 2440 existuma-

112 2464 182 2517 bunt
194 2479 237 2516 me
250 2464 336 2531 magis
348 2464 447 2517 merito
457 2481 539 2531 quam
551 2464 658 2532 ignavia
666 2463 802 2531 judicium
812 2464 894 2516 animi
907 2463 961 2516 mei

112 2539 268 2607 mutavisse,
281 2538 424 2607 majusque
440 2540 610 2593 commodum
627 2556 662 2593 ex
678 2540 735 2593 otio
751 2557 812 2593 ineo
827 2556 909 2608 quam
926 2555 960 2592 ex

112 2615 227 2668 aliorum
239 2616 356 2683 negotiis
368 2616 408 2669 rei
420 2616 544 2685 publicae
554 2619 705 2669 venturum.
733 2616 760 2668 N
760 2632 805 2668 am
817 2632 899 2684 saepe
911 2631 961 2683 ego

112 2690 203 2744 audivi
222 2689 252 2754 Q.
269 2691 437 2760 Maxumum,
457 2692 486 2747 P.
502 2692 663 2760 Scipionem,
680 2693 825 2759 praeterea
843 2692 961 2744 civitatis

112 2771 222 2820 nostrae
238 2768 391 2835 praeclaros
406 2768 477 2822 viros
494 2768 588 2821 solitos
604 2767 644 2821 ita
660 2765 759 2834 dicere,
777 2783 860 2834 quum
877 2766 961 2834 majo

112 2859 172 2895 rum
184 2842 317 2909 imagines
328 2843 508 2909 intuerentur,
517 2842 763 2896 vehementissume
776 2842 827 2895 sibi
841 2843 960 2895 animum

112 2918 148 2971 ad
169 2917 299 2972 virtutem
320 2918 445 2983 accendi3
469 2919 573 2973 scilicet
593 2935 647 2972 non
666 2935 761 2971 ceram
776 2919 862 2970 illam
874 2933 976 2975 mue

35 3024 37 3028 Α
112 2993 226 3060 figuram
242 2996 347 3048 tantam
360 2993 414 3048 vim
426 2995 456 3049 in
469 3011 531 3052 sese
540 2995 662 3062 lietera,
671 2993 730 3048 sed
740 2989 1023 3103 mmm-{1521}

100 3072 243 3135 gestarum
263 3086 325 3124 eam
345 3071 492 3130 flammam
511 3073 643 3145 egregiis
661 3069 738 3124 viris
750 3067 790 3118 in
803 3074 864 3124 a&

93 3157 163 3206 vere,
176 3159 270 3232 neque
284 3148 368 3217 prius
387 3151 493 3208 sedari
510 3169 606 3225 quam
614 3148 722 3204 virtus
740 3130 855 3218 &affl
899 3193 923 3238 z
936 3195 958 3229 Q

83 3231 140 3283 ‘1¹¹⁰
151 3218 275 3285 glumam
294 3226 533 3301 adaequaverit.
582 3229 629 3284 At
642 3224 763 3280 contra
775 3217 853 3279 nm*
866 3208 906 3250 ᾗ

866 3122 993 3174 tamam
1005 3104 1023 3146 a
