2070 3412
105 150 136 196 88
351 148 379 195 0.
397 143 574 195 SALLUSTI
590 143 714 193 calsrr

104 228 209 280 animus
220 226 396 280 multitudine
408 225 586 292 distrahitur;
602 224 678 279 nulla
689 240 739 294 pro
751 225 823 280 socia
833 225 951 298 obtinet,

103 305 207 372 paritor
220 320 313 356 omnes
324 303 391 357 viles
403 305 473 355 sunt.

156 388 196 436 81.
233 381 322 448 Igitur
347 380 375 432 in
397 379 488 433 locum
508 376 640 431 ambobus
662 378 794 446 placitum
814 380 953 433 exercitus

104 457 281 521 conveniuut3
301 456 341 509 ibi
359 456 414 509 fide
432 455 497 508 data
515 457 544 508 et
562 458 675 524 accepta
691 455 832 522 Iugurtha
850 456 952 511 Bocchi

104 534 224 587 animum
236 533 358 587 oratione
373 530 511 586 accendit:
530 530 667 584 Romarios
681 530 805 599 injustos,
817 532 954 600 profunda

104 611 224 677 avaritia,
244 609 391 663 communis
412 607 531 661 omnium
551 606 638 660 hostis
656 624 730 674 esse;
755 607 871 663 eandem
891 609 953 663 illos

104 702 226 740 caussam
242 686 307 739 belli
323 702 384 738 cnm
399 684 506 738 Boccho
523 682 624 738 habere
638 699 720 752 quam
737 701 829 738 secum
844 689 874 739 et
890 703 953 740 cum

104 763 164 817 aliis
180 763 315 832 gentibus,
330 761 480 815 lubidinem
493 759 676 829 imperitandi,
688 760 749 828 quis
762 762 853 815 omma
866 779 954 831 regna

104 840 219 893 advorsa
231 840 285 894 sint
292 859 299 904 3
317 842 376 893 tum
389 854 456 904 sese,
468 837 549 905 paulo
561 840 626 891 ante
633 836 873 906 Carthaginiensis,
883 838 953 893 item

106 916 208 970 Persen
226 933 327 984 regem,
341 918 411 984 post,
423 913 465 967 uti
482 913 599 982 quisque
614 912 843 980 opulentissumus
859 914 953 970 ridea-

103 995 157 1059 tur,
173 992 212 1045 ita
230 991 359 1044 Romanis
376 991 484 1043 hostem
502 989 566 1042 fore.
603 989 656 1042 His
673 991 756 1056 atque
772 989 832 1042 aliis
849 990 953 1045 tahbus

104 1067 185 1120 dictis
206 1066 242 1119 ad
264 1067 368 1121 Cirtam
388 1065 518 1133 oppidum
541 1066 595 1118 iter
614 1066 794 1137 constituunt,
814 1067 889 1134 quod
913 1068 951 1121 ibi

104 1142 233 1196 Metellus
248 1141 378 1211 praedam
394 1140 570 1210 captivosque
588 1143 618 1194 et
633 1140 831 1209 Impedimenta
848 1141 949 1198 locare

103 1223 154 1272 rat.
191 1220 237 1272 Ita
249 1219 268 1271 J
269 1217 388 1286 ugurtha
399 1220 477 1270 ratus
489 1220 537 1270 aut
548 1220 628 1285 capta
639 1216 708 1270 urbe
720 1233 819 1285 operae
830 1220 951 1286 pretium

103 1295 169 1363 fore,
182 1299 230 1349 aut
247 1295 270 1348 si
287 1295 424 1347 Romanus
441 1293 541 1346 auxilio
557 1293 613 1347 suis
628 1292 754 1359 venisset,
769 1293 874 1362 proelio
890 1311 951 1350 sese

103 1374 263 1426 certaturos.
303 1371 374 1424 Nam
394 1368 509 1424 callidus
528 1366 559 1421 id
580 1368 662 1422 modo
681 1368 830 1424 festinabat
850 1371 951 1426 Bocchi

102 1463 196 1516 paoem
214 1446 382 1512 imminuere,
394 1461 429 1498 ne
447 1460 537 1498 moras
554 1444 684 1512 agitando
701 1444 776 1498 aliud
794 1461 876 1514 quam
893 1446 951 1502 bol-

103 1522 158 1576 lum
171 1522 271 1575 mallet.

155 1604 195 1653 82.
233 1599 386 1666 Imperator
406 1598 552 1664 postquam
572 1596 607 1650 de
626 1612 721 1664 regum
740 1596 872 1652 societate
890 1615 951 1668 cog-

102 1675 186 1742 norit,
200 1690 254 1727 non
270 1677 381 1739 temere,
395 1688 492 1740 neque,
505 1672 546 1727 uti
562 1688 644 1739 saepe
654 1673 713 1739 jcam
725 1672 797 1726 victo
809 1674 828 1726 J
830 1676 951 1743 ugurtha

102 1753 286 1816 consueverat,
298 1749 423 1802 omnihus
436 1748 501 1801 locis
514 1747 654 1816 pugnandi
665 1749 769 1817 copiam
781 1747 860 1817 facit3
878 1756 951 1807 cete·

102 1842 164 1879 rum
180 1825 254 1879 haud
272 1825 366 1894 procul
382 1825 417 1878 ab
435 1824 511 1878 Cirta
529 1825 624 1878 castris
642 1824 754 1878 munitis
770 1842 849 1894 reges
867 1845 951 1898 oppe-

103 1902 181 1968 ritur,
203 1901 299 1954 melius
323 1917 383 1954 esse
406 1904 483 1954 ratus
505 1900 621 1968 cognitis
645 1900 755 1969 Mauris,
777 1903 903 1972 quoniam
926 1905 951 1960 ia

103 1994 189 2031 novus
209 1976 295 2030 hostis
315 1978 475 2043 accesserat,
496 1992 531 2030 ex
551 1976 692 2030 commodo
712 1993 830 2046 pugnam
850 1980 949 2036 facere.

104 2053 222 2107 Interim
236 2053 323 2105 Roma
336 2068 387 2121 per
400 2051 508 2105 litteras
521 2052 622 2106 certior
632 2052 665 2107 fit
676 2053 841 2122 provinciam
853 2056 880 2108 N
881 2057 950 2111 umi-

103 2130 177 2184 diam
196 2129 284 2183 Mario
303 2129 411 2194 datam;
435 2144 499 2181 nam
517 2129 653 2183 consulem
671 2129 775 2184 factum
793 2133 858 2185 ante
875 2148 951 2187 acce

102 2210 188 2276 perat.
226 2206 292 2270 Quis
309 2204 391 2258 rebus
409 2220 491 2274 supra
507 2203 607 2257 bonum
625 2209 708 2274 atque
725 2205 869 2261 honestum
887 2225 950 2277 per-

103 2283 193 2337 culsus
207 2299 296 2351 neque
307 2283 440 2335 lacrumas
455 2284 550 2334 tenere
561 2296 650 2348 neque
662 2281 797 2335 moderari
813 2283 949 2352 linguam

102 2359 145 2411 vir
156 2359 282 2426 egregius
296 2359 323 2410 in
335 2358 395 2411 aliis
407 2355 511 2411 artibus
525 2355 605 2408 nimis
618 2356 737 2410 molliter
748 2359 948 2426 aegritudinem

101 2433 167 2502 pati.
193 2435 280 2498 Quam
291 2450 350 2486 rem
362 2433 406 2486 alii
419 2433 447 2485 in
459 2429 614 2499 superbiam
623 2433 776 2500 vertebant,
788 2435 834 2488 alii
846 2435 948 2492 bonum

101 2509 239 2576 ingenium
262 2509 424 2562 contumelia
446 2523 587 2562 accensum
608 2524 675 2577 esse,
694 2509 773 2563 multi
794 2511 869 2580 quod
887 2512 948 2581 jam

102 2589 181 2654 parta
193 2585 306 2638 victoria
320 2601 355 2637 ex
369 2584 494 2637 manibus
506 2583 668 2652 eriperetur.
703 2585 729 2637 N
732 2584 790 2639 obis
806 2588 873 2641 satis
886 2605 949 2658 cog-

101 2661 189 2714 nitum
208 2664 251 2729 est
268 2660 346 2713 illum
364 2660 450 2726 magis
469 2659 570 2712 honore
589 2660 661 2712 Mari
680 2677 761 2729 quam
779 2661 880 2730 injuria
898 2681 948 2720 sna

101 2737 293 2800 excruciatum,
303 2751 392 2803 neque
401 2740 457 2788 tam
467 2735 546 2787 auxie
555 2735 674 2789 laturum
683 2736 774 2806 fuisse,
783 2739 805 2791 si
817 2739 948 2809 adempta

101 2811 239 2881 provincia
251 2812 296 2865 alii
307 2827 389 2880 quam
401 2810 490 2863 Mario
502 2810 665 2865 traderetur.

152 2894 193 2944 83.
229 2887 320 2956 Igitur
339 2903 371 2940 eo
390 2886 484 2939 dolore
504 2886 660 2956 impeditus,
679 2890 709 2942 et
727 2889 792 2958 qnia
812 2891 948 2947 stultitiae

100 2965 247 3019 ridebatur
261 2964 378 3019 ahenam
395 2979 454 3017 rem
471 2963 590 3030 periculo
605 2980 654 3017 suo
669 2980 772 3032 curare,
790 2965 897 3034 legatos
910 2969 947 3023 ad

77 3039 226 3094 Bocchum
237 3042 330 3098 mlttr't
341 3040 569 3114 postulatum,ne
581 3040 641 3096 sine
649 3056 747 3095 caussa
751 3041 844 3094 hostis
851 3045 953 3107 popina

59 3108 200 3171 Romano
213 3118 303 3176 lieret
309 3142 319 3189 3
338 3122 452 3179 habere
468 3137 538 3177 eum
552 3133 690 3189 magnam
704 3115 816 3184 copiam
825 3114 973 3166 societatis

40 3187 264 3264 amicitiaeque
289 3203 538 3274 conjungendae,
562 3214 643 3270 quae
666 3191 765 3266 potior
788 3186 872 3240 beno
896 3187 1014 3244 essem
