2070 3412
447 141 630 192 CATILINA.
681 182 683 186 .
932 155 961 200 33

114 220 207 274 cordia
225 221 313 275 clarus
333 222 440 278 factus:-
465 224 528 278 huie
549 226 680 280 severitas
704 227 866 296 dignitatem
886 230 961 284 addi-

115 297 200 352 derat.
247 299 348 353 Caesar
370 300 468 368 dando,
489 301 665 370 sublevando,
684 304 862 372 ignoscendo:
893 307 961 361 Cato

113 375 181 427 nihil
197 375 340 442 largiundo
356 376 470 443 gloriam
488 378 606 447 adeptus
622 384 671 433 est.
708 380 742 434 In
756 382 843 435 altero
855 384 961 437 miseris

113 450 268 518 perfugium
280 455 347 519 erat,
357 453 385 505 iu
397 453 484 507 altero
496 455 575 507 malis
587 457 735 524 perniciem
753 458 825 512 illius
837 460 960 521 facilitas,

113 526 194 596 hujus
213 528 365 581 constantia
382 527 552 584 laudabatur.
590 533 732 586 Postremo
749 534 848 587 Caesar
864 535 893 588 iu
905 536 960 589 aui-

112 620 186 657 mum
205 604 350 658 induxerat
369 605 502 672 laborare,
524 607 651 675 vigilare3
675 610 791 678 negotiis
812 611 960 665 amicorum

111 680 234 734 intentus
254 697 302 733 sua
318 681 468 750 neglegere,
483 683 551 735 nihil
567 684 701 752 denegare
720 686 795 753 quod
814 686 884 740 dono
902 687 959 755 dig-

110 773 176 809 num
193 760 281 822 esset;
300 757 350 810 sibi
367 773 495 826 magnum
512 759 663 828 imperium,
683 761 840 828 exereitum,
859 779 958 816 novum

111 833 213 886 bellum
236 834 392 901 exoptabat,
416 834 464 887 ubi
487 836 575 889 virtus
599 837 749 891 enitescere
771 802 870 905 poss'et.
917 841 959 891 At

111 909 164 963 Cat
152 909 209 962 toni
226 909 346 963 studium
358 910 518 986 modestiae,
533 912 645 980 decoris,
658 913 708 966 sed
721 928 847 966 maxume
860 915 957 968 severi-

111 986 177 1039 tatis
189 990 256 1040 erat.
237 987 326 1039 N
328 1003 362 1039 ou
374 987 461 1040 divit
431 990 477 1041 tus
489 1005 550 1041 cum
564 989 648 1042 divite
650 1006 757 1058 ,ucque
768 990 885 1043 factione
897 1006 958 1043 cum

110 1062 231 1129 factioso,
237 1057 293 1116 sed
306 1080 367 1116 oum
385 1056 496 1118 strenuo
508 1060 618 1133 virtute,
633 1081 694 1118 cum
709 1067 833 1120 modesto
845 1067 958 1135 pudore,

110 1153 172 1191 eum
189 1139 334 1192 innocente
355 1140 425 1193 abst
405 1144 480 1193 tmen
482 1140 521 1194 tia
482 1107 678 1194 teertabat
651 1145 756 1206 t;esse
773 1159 853 1208 quam
871 1142 957 1196 videri

112 1216 199 1268 bouus
211 1214 348 1280 malebat,
365 1217 403 1269 ita
415 1233 468 1285 quo
481 1217 569 1269 minus
582 1184 696 1285 petebat
706 1217 827 1285 gloriam,
838 1234 871 1270 eo
881 1219 958 1272 illum

110 1291 196 1358 magis
209 1291 401 1358 sequebantur.

161 1373 202 1421 55.
238 1367 396 1436 Postquam,
416 1371 448 1422 ut
467 1367 531 1432 dixi,
550 1371 660 1422 senatus
676 1370 704 1422 in
720 1369 832 1423 Catonis
850 1373 957 1422 seuten-

109 1445 177 1496 tiam
189 1443 319 1509 discessit,
335 1443 427 1497 cousul
443 1446 585 1512 optumum
594 1444 668 1498 factu
684 1450 759 1498 ratus
771 1449 878 1498 noctem
887 1462 957 1513 quae

108 1518 229 1573 instabat
241 1523 408 1588 antecapere,
420 1537 455 1573 ue
467 1520 533 1587 quid
546 1537 578 1573 eo
590 1521 679 1588 spatio
694 1525 846 1586 novaretur,
863 1521 956 1574 trium-

109 1595 180 1649 viros
199 1612 269 1663 quae
291 1596 452 1664 supplicium
473 1596 629 1664 postulabat
652 1613 749 1665 parare
768 1596 868 1664 jubet;
896 1597 956 1666 ipse

108 1671 251 1739 praesidiis
268 1671 412 1740 'dispositis
439 1671 584 1724 Lentulum
607 1672 635 1724 in
665 1689 802 1726 carcerem
826 1672 955 1737 deducit,

107 1747 181 1800 idem
203 1747 235 1800 fit
254 1747 352 1800 ceteris
373 1764 423 1816 per
441 1749 589 1815 praetores.
625 1749 676 1801 Ilst
694 1748 722 1801 in
743 1765 851 1802 carcere
872 1749 955 1814 locus,

108 1824 182 1890 quod
194 1823 346 1877 Tullianum
359 1823 518 1892 appellatur,
533 1823 581 1876 ubi
597 1824 736 1893 paululum
752 1825 907 1878 ascenderis
919 1825 955 1878 ad

107 1899 219 1967 laevam,
231 1898 340 1952 circiter
355 1899 497 1952 duodecim
512 1900 598 1968 pedes
610 1900 684 1952 humi
698 1901 849 1969 depressus.
885 1901 954 1953 Eum

107 1976 232 2029 muniunt
250 1974 370 2043 undique
391 1976 509 2041 parietes
530 1979 613 2042 atque
634 1977 744 2044 insuper
763 1993 871 2030 camera
889 1976 954 2045 lapi-

107 2052 166 2104 deis
178 2051 325 2104 fornicibus
338 2051 433 2113 vincta,
446 2051 496 2104 sed
511 2051 620 2116 inculta,
633 2052 761 2121 tenebris,
778 2052 862 2106 odore
874 2053 954 2107 foeda

106 2132 190 2195 atque
202 2126 331 2180 terribilis
344 2128 402 2195 ejus
414 2127 494 2180 facies
504 2131 553 2180 est.
590 2128 623 2180 Iu
636 2145 698 2181 eum
710 2129 797 2181 locum
809 2132 952 2197 postquam

105 2203 241 2256 demissus
257 2206 300 2254 est
316 2201 456 2268 Lentulus,
469 2203 589 2256 vindices
606 2220 700 2256 rerum
715 2203 878 2272 capitalium,
896 2206 953 2273 qui-

106 2277 157 2332 bus
175 2280 352 2347 praeceptum
375 2281 442 2344 erat,
461 2278 668 2347 laqueo-gulam
688 2279 802 2346 fregere.
841 2281 886 2333 Ita
908 2281 953 2334 ille

105 2353 238 2423 patricius
246 2370 280 2406 ex
290 2352 448 2405 clarissuma
459 2356 541 2420 gente
550 2354 745 2421 Corneliorum,
754 2355 799 2423 qui
814 2357 953 2409 consulare

105 2430 249 2497 imperium
267 2429 370 2481 Itomae
391 2428 530 2496 habuerat,
551 2429 662 2496 dignum
683 2431 802 2484 moribus
818 2432 952 2498 factisque

105 2507 160 2559 suis
179 2505 294 2559 exitium
313 2505 386 2558 vitae
407 2504 519 2558 invenit.
555 2506 596 2558 Do
618 2507 746 2575 Cethego,
763 2508 878 2573 Statilio,
899 2509 951 2561 Ga-

105 2581 185 2649 binio,
200 2581 331 2649 Caepario
343 2581 440 2633 eodem
452 2580 533 2634 modo
546 2582 706 2650 supplicium
719 2586 858 2651 sumptum
870 2588 919 2636 est.

155 2656 197 2712 56.
241 2657 313 2710 Dum
336 2672 369 2710 ea
390 2656 494 2710 Romae
517 2661 657 2726 geruntur,
683 2658 798 2712 Catilina
822 2674 856 2711 ex
878 2659 951 2712 omui

105 2734 187 2801 eopia,
209 2750 290 2802 quam
312 2732 421 2801 etipse
444 2733 599 2788 adduxerat
620 2739 648 2788 et
669 2735 788 2788 Manlius
809 2734 950 2797 habuerat,

105 2809 172 2862 duas
191 2808 310 2877 legiones
334 2810 460 2874 iustituit,
442 2811 579 2864 teobort
579 2812 602 2863 is
625 2828 676 2879 pro
697 2827 809 2864 numero
833 2811 949 2863 militum

104 2886 237 2974 coniplet;
254 2885 360 2951 deiude,
377 2886 418 2939 uti
437 2887 551 2954 quisque
563 2887 731 2942 uoluntarius
751 2889 798 2939 aut
818 2903 851 2939 ex
872 2887 951 2938 sociis

103 2961 131 3013 in
143 2964 233 3014 castra
241 2965 354 3014 venerat
356 2962 524 3029 ,aequaliter
537 2961 735 3025 distribuerat
737 2959 872 3013 aemam
878 2955 976 3015 &affl

98 3036 220 3102 leggiones
236 3053 353 3092 numero
369 3038 518 3094 hominum
536 3040 722 3110 expleuerat,
732 3021 930 3099 ιιιιιῖὒΧῦΧΧΧΧ
937 3027 1022 3121 ΧΧΞΧἮ

88 3111 210 3179 ιιι’Ψιὶιιι
226 3113 342 3172 duobus
359 3117 480 3174 milibus
492 3117 662 3174 habuisset
695 3107 769 3165 W
781 3117 826 3155 2³*
840 3111 860 3143 ΧΧ
855 3085 1022 3195 ΧΧΧΧΧΧιξζὲκι

78 3186 197 3244 ‘mmet
213 3207 286 3260 Pars
306 3200 423 3268 quarta
445 3201 516 3254 erat
535 3192 729 3253 militaribus
753 3172 856 3233 ἉΝΧΧΧ
872 3164 915 3210 ΧΧΧ
887 3168 932 3206 ΧΧΧ
