2070 3412
96 163 127 210 96
345 163 374 210 C.
393 159 567 210 SALLUS‘I'I
584 158 702 209 CRISPI

96 259 131 296 ex
143 241 223 296 coriis
234 243 311 296 utres
323 241 365 295 uti
377 242 476 295 fierent
485 239 613 305 curabet3
630 238 710 294 simul
723 242 752 294 et
763 238 882 308 inopiam
894 238 950 292 sru-

98 319 184 371 menti
199 318 293 384 lenire,
306 321 336 371 et
349 317 450 385 ignaris
464 315 590 370 omnibus
605 331 704 385 parare
720 332 791 383 quae
806 331 871 368 mox
887 315 950 368 usui

97 394 203 459 forent3
221 395 339 463 denique
352 397 429 447 sexto
442 394 495 461 die,
508 409 592 462 quum
607 392 645 446 ad
660 392 760 445 flumen
772 395 887 445 ventum
899 394 950 457 est,

98 486 225 522 maxuma
237 470 277 522 vis
289 471 392 522 utrium
405 469 508 522 effecta
545 467 589 522 Ibi
602 469 699 522 castris
714 468 768 521 levi
779 467 950 521 munimento

97 546 192 612 positis
204 545 305 598 milites
317 545 406 598 eibum
423 560 521 614 capere
535 547 620 612 atque
631 544 673 597 uti
685 543 765 596 simul
777 559 840 596 cum
852 559 951 597 occasu

98 621 162 674 solis
179 622 377 688 egrederentur
392 626 503 688 paratos
518 637 579 675 esse
593 619 683 688 jubet,
696 620 821 673 omuibus
837 619 952 672 sarcinis

98 696 214 764 abjectis
232 714 303 765 aqua
322 695 403 750 modo
420 712 504 764 seque
523 699 552 750 et
567 696 694 764 jumenta
713 711 833 750 onerare.
871 695 952 766 Dein,

98 777 243 841 postquam
260 776 369 840 tempus
385 771 481 840 visum,
499 773 597 826 castris
617 771 766 840 egreditur,
785 776 952 841 noctemque

98 852 186 902 totam
200 849 300 903 itinere
314 849 386 902 facto
401 848 541 912 consedit;
557 848 631 902 idem
643 864 777 916 proxuma
787 848 868 914 facit;
886 848 952 901 dein

98 925 182 977 tertia
197 925 284 978 multo
301 929 365 977 ante
382 924 449 976 lucis
466 924 614 977 adventum
629 924 755 993 pervenit
766 923 795 976 in
807 922 896 977 locum
908 928 952 978 tu-

98 1001 241 1067 mulosum,
251 999 286 1053 ab
297 1001 385 1067 Capsa
396 1016 450 1052 uon
460 1000 576 1068 amplius
585 999 670 1052 duum
682 999 787 1052 milium
798 999 951 1067 intervallo,

98 1074 192 1143 ibique
216 1091 298 1142 quam
322 1075 511 1128 occultissume
531 1078 623 1144 potest
642 1091 702 1128 cum
722 1074 846 1128 omnibus
866 1076 952 1144 copiis

99 1151 248 1220 opperitur.
285 1151 340 1204 Sed
351 1150 398 1203 ubi
411 1151 469 1204 dies
481 1152 571 1219 coepit
583 1155 613 1205 et
626 1150 762 1204 Numidae
773 1150 839 1204 nihil
852 1151 952 1205 hostile

98 1229 255 1280 metuentes
266 1226 346 1279 multi
358 1226 459 1294 oppido
474 1227 585 1295 egressi,
599 1230 714 1295 repente
725 1243 833 1281 omnem
846 1228 952 1296 equita·

99 1306 159 1356 tum
178 1306 207 1356 et
226 1319 289 1356 cum
305 1302 348 1356 his
360 1302 549 1355 velocissumos
568 1302 675 1369 pedites
689 1318 770 1355 cursu
785 1303 902 1358 tendere
915 1303 952 1357 ad

100 1379 216 1446 Capsam
233 1383 262 1432 ct
278 1382 371 1448 portas
387 1377 513 1431 obsidere
528 1377 626 1445 jubet3
644 1377 743 1431 deinde
756 1377 816 1446 ipse
828 1379 952 1434 intentus

99 1471 215 1522 propere
236 1455 320 1523 sequi,
342 1470 431 1522 neque
454 1453 555 1507 milites
578 1453 705 1521 praedari
728 1454 825 1508 sinere.
874 1455 952 1520 Quae

99 1535 244 1598 postquam
263 1529 391 1598 oppidani
410 1545 568 1597 cognovere,
587 1546 632 1583 res
651 1528 788 1598 trepidae,
801 1533 893 1585 metus
912 1533 953 1585 in-

99 1623 175 1673 gens,
199 1605 301 1659 malum
324 1605 509 1674 improvisum,
531 1604 569 1658 ad
591 1605 642 1659 hoc
664 1621 728 1673 pars
749 1605 848 1670 civium
872 1611 953 1662 extra

100 1681 208 1735 moenia
227 1682 256 1733 in
277 1681 397 1735 hostium
419 1683 565 1749 potestate,
587 1686 701 1748 coegere
721 1681 762 1735 uti
783 1681 952 1737 deditionem

99 1758 229 1810 facerent.
267 1757 397 1810 Ceterum
418 1757 548 1825 oppidum
571 1757 719 1825 incensum,
744 1757 881 1812 Numidae
904 1777 953 1829 pu·

100 1832 180 1886 beres
193 1833 341 1899 interfecti,
353 1833 399 1886 alii
411 1848 505 1886 omnes
517 1833 688 1900 venumdati,
699 1833 804 1901 praede
819 1834 952 1889 militibus

101 1908 193 1963 divisa.
231 1909 266 1962 Id
281 1908 384 1962 facinus
401 1911 497 1962 contra
511 1909 559 1977 jus
577 1907 642 1962 belli
660 1924 715 1961 non
730 1909 846 1963 avaritia
863 1927 952 1978 neque

101 1984 203 2038 scelere
227 1984 343 2037 consulis
364 1983 520 2051 admissum,
540 1983 590 2037 sed
610 1985 675 2052 quia
697 1984 772 2038 locus
795 1985 953 2054 Jugurtbae

49 2074 52 2080 ·
101 2064 278 2129 opportunus,
287 2059 365 2112 nobis
377 2060 455 2113 aditu
468 2060 590 2126 difficilis,
599 2077 684 2127 genus
696 2060 834 2114 hominum
842 2062 952 2134 mobile,

101 2137 216 2190 infidum
229 2133 322 2205 [ante],
334 2151 425 2204 neque
436 2135 569 2189 beneficio
582 2152 671 2204 neque
683 2139 759 2188 metu
770 2137 925 2192 coercitum.

155 2218 195 2266 92.
231 2212 379 2279 Postquam
391 2213 497 2264 tentam
510 2227 569 2264 rem
582 2211 686 2264 Marius
702 2212 758 2265 sine
774 2212 829 2266 ullo
841 2229 952 2268 suorum

102 2289 273 2342 incommodo
297 2287 425 2356 patravit,
451 2303 565 2354 magnus
589 2290 617 2340 et
640 2287 729 2341 clarus
752 2291 840 2357 antea,
863 2290 953 2358 major

103 2368 185 2432 atque
202 2363 299 2418 clarior
317 2362 412 2416 haberi
431 2363 527 2430 coepit.
564 2362 661 2416 Omnia
676 2380 729 2417 non
743 2363 814 2418 bene
829 2366 954 2420 consulta

103 2439 202 2509 [modo,
212 2456 307 2492 verum
320 2439 403 2492 otiam
415 2455 480 2492 casu
492 2437 568 2507 data]
580 2439 607 2490 in
617 2440 747 2494 virtutem
759 2439 953 2507 trahebantur3

103 2514 212 2581 milites,
229 2515 354 2568 modesto
370 2514 484 2582 imperio
501 2513 595 2582 habiti,
610 2514 690 2568 simul
702 2518 732 2569 et
743 2515 900 2584 locupletes,
917 2517 954 2571 ad

102 2590 208 2657 coelum
227 2590 306 2654 ferre,
326 2589 351 2642 N
354 2589 464 2643 umidae
482 2590 569 2657 magis
584 2607 666 2658 quam
684 2591 827 2644 mortalem
846 2592 953 2656 timere,

103 2670 242 2736 postremo
257 2681 351 2717 omues
367 2665 431 2718 socii
447 2666 632 2734 atquehostes
644 2666 756 2720 eredere
767 2666 808 2718 illi
819 2670 867 2720 aut
879 2685 954 2722 meu-

104 2748 161 2797 tem
182 2741 300 2794 divinam
320 2756 387 2807 esse,
408 2745 456 2794 aut
475 2742 587 2794 deorum
607 2745 676 2795 nutu
697 2745 793 2796 cuncta
816 2743 953 2810 portendi

105 2818 162 2873 Sed
173 2817 273 2886 consul,
286 2816 333 2870 ubi
346 2832 379 2870 ea
395 2832 440 2869 res
455 2816 526 2870 bene
540 2817 639 2884 evenit,
656 2816 693 2870 ad
709 2816 761 2870 alia
777 2817 878 2886 oppida
894 2835 955 2887 per-

104 2895 153 2963 git,
169 2911 255 2962 pauca
271 2892 486 2961 repugnantibus
502 2892 630 2946 Numidis
647 2892 727 2960 capit,
745 2892 825 2960 plura
842 2893 955 2949 deserta

98 2974 217 3038 propter
226 2969 403 3040 Capsensium
411 2967 535 3022 miserias
545 2968 601 3037 igni
610 2969 775 3037 corrumpit;
786 2968 861 3024 luctu
869 2975 955 3039 atque

85 3045 175 3097 caede
192 3047 286 3101 omnia
300 3046 484 3118 complentur.
522 3044 651 3115 Denique
661 3044 760 3099 multis
766 3044 839 3096 loeis
847 3046 966 3109 mixtus,

65 3118 270 3190 ἃθρΙθνίεᾳιιε
286 3125 419 3182 exercito
439 3127 603 3194 incruento,
621 3123 706 3178 aliam
723 3135 789 3174 rem
805 3115 984 3183 aagendam.

45 3197 109 3240 ⁰⁰1¹
131 3197 239 3252 02110111
264 3205 438 3272 asperitate
456 3221 518 3277 qua
541 3199 747 3274 Capsensium,
765 3194 902 3247 (mmm
912 3183 998 3236 m
