2070 3412
116 193 146 238 66
359 189 387 237 C.
406 188 580 237 SALLUSTI
598 189 716 236 CRISPI

115 271 254 340 potentiae
272 269 388 324 addidit.
425 269 500 334 Quae
523 286 568 323 res
586 269 748 338 plerumque
768 285 879 337 magnas
900 268 964 322 eivi-

115 351 188 400 tates
211 345 408 415 pessumdedit,
427 346 493 399 dum
517 347 597 400 alteri
615 347 717 401 alteros
739 346 848 399 vincere
869 345 965 413 quovis

116 422 196 475 modo
212 425 241 475 et
256 422 342 475 victos
360 423 483 476 acerbius
496 422 590 476 ulcisci
604 422 703 476 volunt.
740 422 796 476 Sed
812 422 848 475 de
865 422 965 475 studiis

116 499 235 566 partium
257 501 286 552 et
307 498 394 552 omnis
416 498 534 552 civitatis
553 499 674 552 moribus
695 499 718 551 si
744 493 899 567 singulatim
917 502 965 552 aut

118 592 166 647 pro
188 575 377 641 magnitudine
399 591 493 643 parem
514 575 657 642 disserere,
683 580 791 644 tempus
815 592 897 644 quam
920 591 966 627 res

117 651 248 703 maturius
260 667 304 702 me
317 650 433 704 deserat.
464 651 645 716 Quamobrem
658 651 694 703 ad
706 651 845 720 inceptum
858 652 949 704 redeo.

169 732 210 780 43.
246 726 312 780 Post
331 727 396 780 Auli
413 726 510 780 foedus
528 728 720 795 exercitusque
735 727 821 780 nostri
836 725 967 796 [foedam]

117 803 207 870 fugam
229 803 260 867 Q.
278 803 408 856 Metellus
428 806 457 856 et
481 803 519 855 Μ.
537 803 651 859 Silanus.
676 802 799 856 consules
823 802 968 869 designati,

116 878 269 946 provincias
290 879 363 932 inter
384 894 414 931 se
438 879 617 947 partiremur,
642 878 811 946 Metelloque
837 877 968 930 Numidia

117 958 253 1022 evenerat,
274 954 330 1007 aeri
349 955 406 1007 viro
425 959 454 1008 et
472 971 637 1023 quamquam
656 955 772 1007 advorso
790 954 882 1023 populi
905 971 968 1023 par-

117 1030 193 1097 tium,
205 1030 277 1082 fama
289 1033 381 1084 tamen
394 1029 528 1098 aequabili
541 1035 570 1083 et
583 1030 717 1084 inviolata.
749 1030 779 1083 Is
791 1028 839 1082 ubi
851 1030 968 1098 primum

117 1106 308 1172 magistratum
321 1105 460 1173 ingressus
476 1111 527 1172 est,
545 1106 598 1158 alia
614 1108 704 1160 omnia
719 1106 770 1160 sibi
786 1122 848 1159 eum
865 1106 970 1174 collega

117 1185 201 1247 ratus,
218 1181 255 1234 ad
268 1181 370 1235 bellum
389 1182 462 1250 quod
481 1185 610 1249 gesturus
627 1185 688 1235 erat
704 1180 823 1235 animum
843 1182 970 1235 intendit.

120 1257 210 1325 Igitur
228 1257 355 1311 diffidens
373 1259 459 1311 veteri
478 1257 611 1311 exercitui
630 1258 731 1311 milites
749 1257 877 1325 seribere,
893 1273 971 1326 prae-

119 1334 189 1388 sidia
204 1334 326 1403 undique
340 1350 485 1401 arcessere,
499 1350 581 1399 arma,
597 1334 660 1397 tela,
677 1351 769 1402 equos,
783 1338 811 1387 et
827 1339 920 1387 cetera
931 1334 971 1387 in-

119 1413 271 1464 strumenta
286 1410 401 1464 militiae
418 1427 523 1479 parare,
539 1409 575 1462 ad
592 1410 643 1463 hoe
661 1414 841 1463 commeatum
859 1409 971 1477 affatim,

120 1487 348 1554 deniqueomnia,
363 1487 472 1554 quaein
488 1485 560 1539 belle
578 1486 652 1538 vario
670 1489 698 1538 et
714 1485 862 1538 multarum
879 1501 971 1538 rerum

120 1561 212 1630 egenti
223 1562 285 1615 usui
300 1579 359 1615 esse
372 1562 466 1615 solent.
503 1562 633 1616 Ceterum
647 1561 683 1613 ad
700 1578 733 1614 ea
748 1561 883 1628 patranda
895 1577 972 1614 sena-

120 1644 165 1692 tus
177 1637 347 1704 auctoritate,
364 1637 429 1691 socii
446 1654 599 1704 nomenque
612 1636 742 1690 Latinum
758 1641 787 1690 et
804 1653 883 1704 reges
899 1636 972 1689 ultro

120 1713 220 1766 auxilia
231 1713 374 1778 mittendo,
393 1715 531 1780 postremo
548 1713 636 1766 omnis
653 1713 748 1766 civitas
763 1728 868 1765 summo
880 1712 972 1766 studio

120 1787 301 1844 annitebatur.
338 1789 438 1856 Itaque
455 1805 489 1842 ex
508 1789 644 1841 sententia
661 1787 786 1841 omuibus
800 1787 882 1842 rebus
894 1805 973 1855 para-

120 1868 157 1921 tis
169 1865 379 1933 compesitisque
396 1865 423 1916 in
437 1863 595 1916 Numidiam
612 1865 798 1932 proficiscitur,
814 1881 912 1932 magna
923 1881 973 1932 spe

120 1942 227 2007 civium,
243 1957 327 2009 quum
346 1944 460 2008 propter
476 1941 544 1992 artis
562 1940 653 2007 bonas,
675 1945 734 1993 tum
749 1957 882 2006 maxume,
899 1941 974 2009 quod

120 2018 266 2071 advorsum
282 2016 392 2070 divitias
409 2016 538 2068 invictum
551 2016 671 2068 animum
686 2016 806 2083 gerebat,
818 2021 847 2069 ct
860 2017 975 2069 avaritia

121 2093 329 2159 magistratuum
342 2095 406 2145 ante
424 2090 453 2144 id
465 2094 574 2159 tempus
592 2091 620 2144 in
638 2091 769 2144 Numidia
785 2097 895 2145 nostrae
908 2107 974 2160 opes

120 2171 251 2223 contusae
262 2168 436 2237 hostiumque
448 2170 545 2221 auctae
557 2170 643 2222 eraut.

173 2249 214 2298 44.
245 2244 300 2298 Sed
312 2243 358 2297 ubi
371 2245 398 2297 in
412 2244 534 2297 Africam
547 2245 629 2310 venit
641 2244 777 2297 exereitus
789 2244 814 2296 ei
827 2242 975 2296 traditura

122 2321 166 2389 Sp.
188 2319 288 2373 Albino
306 2336 356 2388 pro
374 2321 483 2373 consule
499 2320 581 2386 iners,
605 2319 730 2386 imbellis,
754 2336 844 2387 neque
861 2318 974 2387 periculi

121 2412 210 2464 neque
233 2396 333 2448 laboris
354 2397 469 2464 patiens,
494 2396 587 2464 lingua
610 2413 693 2465 quam
713 2412 796 2448 manu
815 2394 973 2463 promptior,

121 2471 267 2541 praedator
279 2487 313 2523 ex
331 2471 409 2524 sociis
422 2476 451 2524 et
464 2472 523 2540 ipse
535 2473 638 2540 praeda
650 2472 777 2538 hostium,
791 2471 848 2524 sine
861 2470 975 2537 imperio

75 2572 78 2579 ¹
122 2552 151 2600 et
163 2545 298 2599 modestia
313 2546 432 2600 habitus.
469 2548 514 2600 lta
530 2547 690 2616 imperatori
708 2563 778 2600 novo
793 2546 855 2614 plus
871 2561 905 2598 ex
919 2561 976 2598 ma-

121 2624 155 2676 lis
173 2621 293 2674 moribus
308 2621 498 2676 sollicitudinis
516 2640 598 2690 quam
614 2641 648 2677 ex
665 2625 742 2692 copia
759 2623 876 2676 militum
892 2621 976 2674 auxili

122 2704 171 2752 aut
195 2697 253 2764 spei
277 2698 364 2751 bonae
389 2699 546 2753 accedebat.
590 2700 694 2755 Statuit
718 2706 811 2754 tamen
838 2697 975 2762 Metellus,

122 2789 286 2843 quamquam
300 2777 329 2826 et
344 2776 509 2828 aestivorum
525 2781 634 2845 tempus
649 2777 819 2830 comitiorum
836 2789 913 2826 mora
926 2773 976 2826 im-

121 2849 267 2916 minuerat,
285 2852 314 2902 et
332 2853 539 2919 exspectatione
563 2856 676 2905 eventus
696 2853 793 2905 civium
818 2850 921 2904 animos
938 2850 977 2901 in-

122 2928 214 2978 tentes
229 2923 357 2992 putabat,
377 2942 430 2978 non
447 2927 523 2994 p'rius
541 2926 643 2980 bellum
666 2927 802 2994 attingere
821 2942 902 2994 quam
920 2941 976 2978 ma-

94 2996 197 3056 jorum
210 2999 360 3067 disemum
376 3003 482 3058 milites
499 3003 627 3058 laborare
646 3003 789 3073 coegisset.
815 3001 890 3053 Nam
904 3000 979 3052 ului-

64 3076 142 3172 ajeus
152 3070 229 3121 Auli
237 3075 347 3131 [ratris.
359 3083 567 3154 exercitusque
582 3083 666 3138 clade
682 3080 839 3152 perculsus,
845 3079 997 3158 postquam

86 3144 248 3199 cererem
257 3165 320 3206 non
340 3160 446 3224 egredi
465 3161 632 3232 provincia,
647 3165 794 3231 quantum
809 3159 954 3214 teulmil*
966 3159 1011 3193 Ὦ

43 3197 199 3266 amorum
212 3221 245 3273 1'n
261 3224 400 3300 ilaberio
414 3238 458 3294 fui
463 3243 486 3307 t,
501 3241 692 3312 plerumque
705 3235 820 3292 milites
830 3221 954 3284 statuis
966 3229 1027 3266 eus-
