2070 3412
84 188 115 236 60
332 183 360 230 C.
379 181 551 230 SALLUSTI
568 181 684 231 CRISPI

83 266 266 333 terpretatum
282 261 360 314 nobis
376 264 426 327 est,
439 261 535 330 utique
549 278 607 315 rem
623 279 683 316 seso
698 263 800 318 habero
815 266 942 326 cultores¹

84 340 144 408 ejus
156 344 247 394 terrae
263 340 369 406 putant,
381 353 462 407 quam
478 338 656 405 paucissumis
671 338 766 392 dicam.
803 340 933 395 Oetenrm

83 416 151 468 fides
164 414 223 483 ejus
235 414 276 467 roi
288 430 372 484 penes
384 418 510 467 auctores
522 415 582 468 orit.

137 497 176 546 18.
202 491 326 544 Africam
338 490 416 543 initio
427 490 547 544 habuere
560 490 669 544 Gaetuli
682 493 711 545 et
723 490 829 560 Libyes,
842 493 934 560 asperi

82 568 240 635 incultique,
253 567 315 635 quis
327 565 404 619 cibus
416 569 476 620 erat
489 584 551 620 caro
566 567 653 620 ferina
667 571 749 636 atque
761 568 837 620 humi
848 567 934 636 pabu-

13 654 17 662 '
82 643 146 709 lum,
159 644 200 696 uti
217 642 368 712 pecoribus.
404 641 443 694 Hi
459 659 548 712 neque
564 643 686 697 moribus
703 661 790 712 neque
806 643 867 712 lege
885 648 934 699 aut

82 719 197 787 imperio
214 718 374 786 cujusquam
388 718 570 787 regebantur;
588 720 657 787 vagi,
670 719 869 789 palantesque
880 737 934 774 nox

82 799 216 863 coegerat,
235 795 314 848 sedes
334 793 479 848 habebant.
517 795 572 848 Sed
589 799 733 864 postquam
751 797 779 849 in
799 797 934 867 Hispania

84 871 226 938 Hercules,
239 871 310 924 sicut
321 871 383 923 Afri
395 874 503 939 putant,
515 872 627 939 interiit,
637 873 773 926 exercitus
783 873 850 941 ejus,
863 889 934 927 com-

82 948 188 1016 positus
200 964 234 999 ex
247 947 328 999 vairhs
340 946 476 1014 gentibue,
489 949 587 1001 amisso
599 948 669 1002 duce
681 965 712 1002 ac
724 949 825 1018 passim
837 949 934 1002 multis

83 1023 135 1076 sibi
151 1024 266 1090 quisque
282 1023 426 1092 imperium
444 1024 610 1092 petentibus,
627 1023 704 1078 br'evi
723 1024 860 1079 dilabitur.
890 1026 933 1080 Ex

83 1116 115 1152 eo
128 1117 239 1152 numero
250 1099 334 1162 Medi,
348 1100 448 1153 Persae
461 1104 489 1154 et
500 1101 632 1169 Armenii,
643 1100 757 1154 navibus
771 1101 798 1155 in
809 1101 933 1156 Africam

83 1177 229 1229 transvecti
243 1192 390 1244 proxumos
402 1179 495 1230 nostro
508 1177 576 1230 mari
588 1177 660 1231 locos
673 1193 845 1246 occupavere.
877 1177 932 1231 Sed

84 1251 183 1304 Persae
200 1251 273 1304 intra
288 1251 426 1308 Oceanum
443 1252 546 1320 magis;
563 1252 645 1320 hique
661 1253 751 1306 alveos
767 1253 876 1306 navium
892 1254 932 1306 in-

82 1344 174 1382 vorsos
184 1345 233 1398 pro
244 1328 360 1396 tuguriis
372 1326 500 1395 habuere,
513 1329 576 1397 quia
588 1344 677 1397 neque
689 1329 806 1381 materia
817 1330 850 1382 in
858 1328 932 1398 agris

82 1423 171 1472 nequo
191 1404 226 1457 ab
249 1405 379 1474 Hispanis
400 1402 584 1458 emundi⁸aut
607 1405 732 1458 mutandi
755 1405 832 1473 copia
855 1409 931 1471 erat;

82 1499 157 1534 mare
171 1498 297 1549 magnum
310 1484 345 1546 et¹
354 1481 448 1548 ignara
462 1479 553 1549 lingua
565 1481 726 1534 commercia
741 1479 931 1550 prohibebant.

83 1558 122 1611 Hi
139 1558 270 1627 paulatim
282 1575 332 1627 per
344 1556 477 1610 connubia
490 1556 620 1610 Gaetulos
632 1573 724 1610 secum
736 1557 884 1622 miscuere3
901 1561 931 1612 et
994 1603 999 1610 .

82 1635 145 1701 quia
159 1651 239 1703 saepe
256 1636 424 1701 temptantes
438 1649 517 1698 agros
530 1633 589 1699 alia,
602 1633 701 1686 deinde
718 1633 770 1686 alia
786 1633 845 1685 loca
860 1635 929 1707 peti·

82 1713 286 1779 verant,se1net
301 1709 352 1777 ipsi
370 1708 508 1760 Nomadas
523 1709 700 1777 appellavere.
737 1709 866 1762 Ceterum
882 1709 928 1763 ad-

81 1787 134 1840 huc
152 1786 276 1840 aedificia
294 1784 475 1838 Numidarum
493 1785 650 1852 agrestium,
670 1802 739 1852 quae
756 1785 874 1855 mapalia
890 1786 930 1840 illi

82 1867 188 1931 vocant,
206 1862 327 1930 oblonga,
343 1861 461 1915 incurvis
478 1860 610 1914 lateribus
627 1866 710 1928 tecta,
726 1863 804 1931 quasi
821 1863 930 1916 navium

82 1940 190 1993 carinae
208 1942 278 1992 sunt.
314 1938 403 1992 Medis
421 1941 514 1992 autem
531 1944 560 1992 et
578 1939 715 1991 Armeniis
731 1954 870 1991 accessere
886 1938 930 1991 Li-

81 2015 276 2086 byes,na1nhi
294 2015 406 2083 propius
423 2031 499 2066 mare
516 2013 639 2068 Africum
657 2013 804 2081 agitabant,
820 2015 930 2068 Gaetuli

82 2093 132 2148 sub
145 2093 201 2147 sole
212 2092 299 2160 magis
310 2091 384 2143 haud
395 2090 490 2160 procul
502 2090 536 2143 ab
549 2091 707 2155 ardoribus;
724 2091 807 2158 hique
821 2094 932 2144 mature

82 2170 184 2240 oppida
201 2169 336 2232 habuere;
354 2183 416 2219 nans
433 2166 505 2220 freto
522 2167 601 2219 divisi
617 2166 652 2219 ab
671 2166 807 2235 Hispania
821 2169 930 2220 mutare

82 2264 126 2301 res
144 2249 218 2301 inter
236 2264 265 2300 se
281 2245 464 2298 instituerant.
501 2243 607 2296 Nomen
624 2259 718 2295 eorum
736 2243 867 2311 paulatim
888 2242 930 2296 Li-

81 2323 148 2391 byes
166 2340 320 2392 corrupere,
338 2321 455 2375 barbara
472 2319 564 2388 lingua
580 2318 692 2372 Mauros
708 2336 758 2387 pro
775 2319 865 2372 Medis
882 2336 930 2388 ap-

81 2400 221 2469 pellantes.
257 2398 313 2454 Sed
329 2414 373 2451 res
385 2398 532 2450 Persarum
546 2395 625 2450 brevi
640 2394 758 2448 adolevit
766 2417 772 2460 ;
790 2411 821 2447 ac
833 2399 929 2462 postea

81 2477 189 2529 nomine
210 2475 354 2542 Numidae,
374 2477 488 2542 propter
507 2471 712 2527 multitudinem
733 2471 929 2540 aparentibus

83 2553 206 2620 digressi,
219 2552 366 2621 possedere
380 2567 412 2604 ea
429 2551 488 2603 ioca
502 2567 571 2617 quae
586 2565 719 2619 proxume
734 2546 933 2615 Carthaginem

82 2628 213 2681 Numidia
225 2628 384 2697 appellatur.
407 2627 477 2680 Dein
488 2627 598 2695 utrique
610 2625 705 2679 alteris
717 2625 781 2677 freti
790 2624 929 2677 finitumos

82 2704 165 2758 armis
184 2709 232 2757 aut
250 2708 326 2758 metu
349 2702 400 2756 sub
420 2703 563 2770 imperium
587 2719 665 2755 suum
687 2707 809 2769 coegere,
829 2717 928 2752 nomen

81 2781 250 2850 gloriamque
263 2781 314 2833 sibi
326 2779 468 2847 addidere,
480 2780 566 2846 magis
577 2780 596 2832 ii
608 2779 655 2846 qui
668 2778 704 2831 ad
717 2781 840 2830 nostrum
853 2792 929 2829 mare

82 2861 271 2926 processerant
287 2858 350 2925 quia
366 2856 465 2924 Libyes
477 2873 559 2923 quam
571 2854 680 2915 Gaetuli
696 2854 785 2906 minus
799 2852 927 2906 bellicosi.

78 2935 209 3000 Denique
221 2934 332 2987 Africae
342 2951 408 3003 pars
419 2933 531 2987 inferior
542 2933 672 3004 pleraque
684 2931 719 2984 ab
732 2930 858 2984 Numidis
870 2944 930 2998 pos

58 3019 140 3082 sessa
159 3013 222 3072 esa·
246 3011 312 3065 ucri
328 3029 425 3066 omnes
445 3012 473 3066 in
491 3016 608 3082 gentem
625 3024 779 3079 nomenque
795 3008 930 3075 imperan-

41 3075 119 3128 2111111
130 3095 308 3141 concessere.
899 3149 906 3161 ι

9 3217 23 3236 0
82 3153 124 3200 19,
168 3157 284 3218 Postea
295 3165 467 3226 Phoenices
487 3169 542 3225 alii
559 3161 760 3224 multitudinis
777 3156 858 3210 domn
870 3165 963 3202 munu-

9 3213 107 3270 Aldae
121 3234 239 3304 gratia,
255 3256 332 3310 pm
353 3212 475 3319 imperi,
490 3247 643 3321 cupidine
662 3236 828 3298 sollicitabat
842 3223 933 3296 phebe
947 3221 982 3270 et
