2070 3412
78 163 110 211 ar
325 162 353 209 c.
372 147 546 209 sannusm
563 158 680 207 omem

80 262 143 299 nam
163 243 293 299 Metellus
311 245 487 310 conspectum
505 239 576 294 Mari
593 240 710 307 fugerat,
725 253 761 292 ne
772 235 883 292 uideret
899 252 933 290 ea

80 338 150 390 quae
163 321 258 374 audita
270 319 376 372 animus
388 317 508 372 tolerare
519 316 686 385 nequiverat

132 402 173 456 87.
210 397 265 450 Sed
285 394 378 449 consul
403 392 520 462 expletis
543 391 695 460 legionibus
718 390 933 459 cohortibusque

80 472 230 526 auxiliariis
249 471 277 523 in
297 487 392 538 agrum
411 470 529 523 fertilem
548 473 577 522 et
595 469 700 538 praeda
720 470 848 520 onustum
870 484 933 536 pro·
961 496 967 503 -

80 549 218 614 ficiscitur,
231 547 320 600 omnia
331 545 370 598 ibi
385 549 466 613 capta
482 544 615 599 militibus
631 544 721 607 donat,
738 543 802 596 dein
819 545 933 599 castella

81 628 110 677 et
122 624 224 693 oppida
235 626 333 676 natura
341 625 371 676 et
378 621 443 674 viris
452 638 548 690 parum
560 620 666 673 mnnita
677 619 845 688 aggreditur,
854 638 934 689 proc

81 699 118 752 lin
130 700 223 765 multa,
235 703 358 752 ceterum
370 697 447 764 levia,
461 698 514 750 alia
525 696 585 750 aliis
596 696 662 749 locis
672 695 770 748 facere.
815 696 934 752 Interim

82 776 144 829 novi
162 775 263 829 milites
283 775 340 828 sine
355 777 431 827 metu
450 789 557 842 pugnae
575 773 679 839 adesse,
691 771 786 824 videre
801 773 934 842 fugientis

82 853 140 920 capi
159 855 208 905 aut
224 850 316 917 occidi,
334 850 521 903 fortissumum
540 864 676 916 quemque
693 847 880 917 tutissumum,
892 867 935 905 ar-

82 928 134 981 mis
149 927 313 994 libertatern,
329 925 448 994 patriam
464 929 647 994 parentesque
659 927 689 979 et
700 925 753 978 alia
765 926 857 980 omnia
870 929 934 995 tegi,

82 1003 196 1070 gloriam
217 1005 302 1070 atque
323 1001 432 1055 divitias
455 1000 556 1069 quaeri.
593 1001 637 1054 Sic
659 1000 736 1054 brevi
759 1002 849 1070 spatio
871 1004 934 1058 novi

84 1083 246 1146 veteresque
265 1077 396 1140 coaluere,
415 1080 445 1130 et
463 1077 551 1129 virtus
570 1076 689 1129 omnium
709 1077 831 1146 aequalis
854 1078 935 1134 facta

85 1155 124 1208 At
136 1170 224 1221 reges,
240 1153 287 1205 ubi
304 1152 340 1205 dc
356 1152 477 1205 adventu
493 1152 565 1204 Mari
583 1155 779 1220 cognoverunt,¹
790 1152 893 1208 divorsi
905 1156 935 1210 in

83 1229 156 1282 locos
177 1230 291 1283 difficilis
310 1229 419 1281 abeunt.
468 1228 513 1281 Ita
533 1228 691 1295 Jugorthae
713 1228 855 1296 placuerat
874 1248 935 1300 spe·

84 1307 156 1359 renti
176 1323 239 1359 mox
257 1305 356 1358 effusos
375 1303 461 1356 hostis
479 1303 570 1356 invadi
582 1320 678 1372 posse;
696 1303 841 1373 Romanos,
854 1306 935 1361 sicuti

84 1382 236 1450 plerosque,
248 1385 354 1434 remoto
366 1383 441 1433 metu
453 1379 541 1432 laxius
552 1380 733 1448 licentiusque
744 1381 860 1436 futuros.

138 1464 178 1511 88.
214 1456 343 1510 Metellus
354 1455 460 1507 interea
473 1455 588 1508 Romam
600 1455 738 1524 proiectus
749 1461 846 1511 contra
857 1475 935 1528 spem

86 1548 162 1585 suam
185 1532 347 1586 laetissumis
370 1529 468 1583 animis
491 1531 634 1599 excipitur,
657 1531 732 1600 plebi
754 1533 936 1603 patribusque

85 1612 229 1676 postquam
247 1606 349 1660 invidia
365 1605 521 1659 decesserat
538 1605 621 1674 juxta
636 1623 721 1661 canis.
758 1607 814 1662 Sed
830 1609 936 1665 Marius

85 1684 202 1752 impigre
223 1682 426 1751 prudenterque
447 1676 605 1736 suorumet
625 1684 744 1737 hostium
764 1701 810 1738 res
828 1686 936 1755 pariter

86 1759 236 1823 attendere,
261 1773 423 1824 cognoscere
446 1758 513 1825 quid
536 1757 600 1811 honi
623 1760 748 1828 utrisque
771 1763 820 1815 ant
840 1765 937 1817 contra

86 1839 166 1902 essct,
177 1834 318 1902 explorare
329 1833 430 1885 itinera
441 1849 544 1900 regum,
553 1834 665 1887 consilia
675 1837 705 1888 et
716 1836 828 1890 insidias
841 1853 935 1892 eorum

86 1911 249 1976 antevenire,
275 1909 341 1962 nihil
360 1909 434 1977 apud
453 1925 483 1961 se
501 1910 645 1964 remissum
668 1928 758 1980 neque
776 1913 850 1983 apud
875 1915 937 1969 illos

86 1989 177 2040 tutum
193 1987 259 2054 pati.
295 1985 393 2052 Itaque
405 1988 433 2038 ct
446 1986 577 2039 Gaetulos
589 1990 618 2041 et
630 1987 796 2054 Jugurtham
809 2005 843 2043 ex
857 1991 937 2046 sociis

87 2063 188 2116 nostris
201 2061 317 2130 praedas
331 2061 437 2127 agentis
454 2077 536 2129 saepe
552 2078 696 2129 aggressum
707 2063 736 2114 in
747 2063 846 2117 itinere
858 2065 937 2120 fude-

86 2141 138 2205 rat,
151 2138 294 2207 ipsumquc
306 2153 398 2204 regem
410 2136 484 2188 haud
498 2137 591 2204 procul
606 2137 641 2191 ah
653 2137 753 2206 oppido
766 2138 842 2193 Cirta
853 2141 937 2195 armis

87 2218 208 2268 exuerat.
251 2215 327 2280 Quae
345 2215 490 2280 postquam
510 2212 628 2280 gloriosa
651 2213 732 2266 modo
755 2230 846 2284 neque
869 2215 937 2270 helli

86 2291 214 2358 patrandi
230 2290 363 2359 cognovit,
379 2287 478 2341 statuit
494 2288 577 2357 urhis,
590 2306 659 2358 quae
671 2289 736 2343 viris
747 2293 797 2344 aut
810 2291 869 2345 loco
885 2309 937 2361 pro

86 2366 211 2420 hostibus
227 2369 256 2420 et
271 2367 415 2419 advorsum
430 2381 460 2417 se
476 2365 730 2433 opportunissumae
744 2369 830 2431 erant,
847 2368 938 2436 singu-

86 2442 127 2496 las
146 2442 355 2505 circumvenire;
379 2440 418 2494 ita
437 2440 605 2508 Jugurtham
625 2445 673 2495 aut
691 2441 834 2511 praesidiis
850 2443 938 2497 nuda·

87 2522 155 2584 tum,
181 2518 203 2570 si
226 2533 258 2570 en
281 2519 431 2584 pateretur,
454 2519 502 2570 aut
525 2516 627 2584 proelio
651 2521 827 2571 certaturum.
864 2519 937 2574 Nam

88 2593 212 2647 Bocchus
235 2593 345 2645 nuntios
363 2591 400 2644 ad
419 2608 481 2644 cnm
505 2608 587 2660 saepe
610 2593 729 2661 miserat,
748 2593 819 2648 velle
842 2594 936 2663 populi

88 2668 204 2722 Romani
224 2668 384 2731 amicitiam
401 2683 436 2720 ne
452 2667 520 2736 qnid
534 2669 569 2722 ab
585 2685 615 2722 se
630 2669 729 2723 hostile
745 2670 863 2724 timeret.
902 2671 937 2725 ld

87 2744 299 2809 simulaveritne,
324 2758 378 2810 quo
403 2742 564 2809 improvisus
589 2745 698 2812 gravior
728 2746 874 2814 accideret,
902 2763 938 2800 an

87 2820 240 2874 mobilitate
258 2817 350 2886 ingeni
368 2833 463 2886 pacem
482 2821 566 2887 atque
584 2820 687 2874 bellum
709 2824 818 2876 mutare
834 2822 938 2888 solitus,

88 2914 186 2968 parum
198 2895 370 2965 exploratum
384 2897 433 2947 est.

130 2979 172 3026 89.
208 2972 268 3026 Sed
288 2970 389 3040 consul,
416 2968 456 3025 uti
481 2973 627 3040 statuerat,
650 2972 753 3041 oppida
771 2973 938 3040 castellaque

55 3046 171 3099 mama
189 3048 281 3119 adire,
292 3051 403 3120 partim
419 3050 454 3121 si,
470 3049 530 3106 alia
548 3052 632 3104 metu
649 3052 702 3103 sut
717 3047 845 3115 praemia
861 3050 953 3096 ostan-

36 3116 131 3170 tando
142 3128 283 3183 avortere
294 3129 337 3183 ah
350 3130 500 3187 hostibus.
544 3131 592 3184 Ac
609 3127 706 3197 primo
719 3118 879 3174 mediocria
890 3129 971 3177 22¹2·

36 3191 77 3240 *at
92 3193 289 3260 existumans
307 3209 336 3264 J
337 3210 511 3282 ugurtham
530 3207 569 3265 ob
590 3219 664 3262 suos
678 3193 827 3255 tutandos
837 3189 991 3241 lumem
