<?xml version="1.0" encoding="UTF-8"?>
<!DOCTYPE html PUBLIC "-//W3C//DTD XHTML 1.0 Transitional//EN"
    "http://www.w3.org/TR/xhtml1/DTD/xhtml1-transitional.dtd">
<html xmlns="http://www.w3.org/1999/xhtml" xml:lang="en" lang="en">
 <head>
  <title>
</title>
<meta http-equiv="Content-Type" content="text/html;charset=utf-8" />
  <meta name='ocr-system' content='tesseract 3.04.00' />
  <meta name='ocr-capabilities' content='ocr_page ocr_carea ocr_par ocr_line ocrx_word'/>
</head>
<body>
  <div class='ocr_page' id='page_1' title='image "./catilinaetjugur00sallgoog_0075.png"; bbox 0 0 2070 3412; ppageno 0'>
   <div class='ocr_carea' id='block_1_1' title="bbox 102 118 965 280">
    <p class='ocr_par' dir='ltr' id='par_1_1' title="bbox 102 118 965 280">
     <span class='ocr_line' id='line_1_1' title="bbox 102 118 760 180; baseline -0.006 0"><span class='ocrx_word' id='word_1_1' title='bbox 102 131 141 180; x_wconf 79' lang='lat'><strong>&#39;62</strong></span> <span class='ocrx_word' id='word_1_2' title='bbox 354 131 383 179; x_wconf 82' lang='lat' dir='ltr'><strong>O.</strong></span> <span class='ocrx_word' id='word_1_3' title='bbox 401 129 576 179; x_wconf 83' lang='lat' dir='ltr'><strong>SALLUSTI</strong></span> <span class='ocrx_word' id='word_1_4' title='bbox 594 129 711 178; x_wconf 82' lang='lat' dir='ltr'>CRISPI</span> <span class='ocrx_word' id='word_1_5' title='bbox 753 118 760 127; x_wconf 64' lang='grc'><strong>”</strong></span> 
     </span>
     <span class='ocr_line' id='line_1_2' title="bbox 109 209 965 280; baseline 0.005 -17"><span class='ocrx_word' id='word_1_6' title='bbox 109 209 203 277; x_wconf 82' lang='lat' dir='ltr'><strong>mittit,</strong></span> <span class='ocrx_word' id='word_1_7' title='bbox 224 212 328 264; x_wconf 84' lang='lat' dir='ltr'><strong>veritus</strong></span> <span class='ocrx_word' id='word_1_8' title='bbox 348 227 383 265; x_wconf 92' lang='lat' dir='ltr'><strong>ne</strong></span> <span class='ocrx_word' id='word_1_9' title='bbox 403 210 524 279; x_wconf 88' lang='lat' dir='ltr'><strong>reliquos</strong></span> <span class='ocrx_word' id='word_1_10' title='bbox 547 211 685 280; x_wconf 87' lang='lat' dir='ltr'><strong>popularis</strong></span> <span class='ocrx_word' id='word_1_11' title='bbox 705 212 796 265; x_wconf 89' lang='lat' dir='ltr'><strong>metus</strong></span> <span class='ocrx_word' id='word_1_12' title='bbox 815 210 965 267; x_wconf 77' lang='lat' dir='ltr'><strong>invaderet</strong></span> 
     </span>
    </p>
   </div>
   <div class='ocr_carea' id='block_1_2' title="bbox 57 285 1013 3252">
    <p class='ocr_par' dir='ltr' id='par_1_2' title="bbox 106 285 965 587">
     <span class='ocr_line' id='line_1_3' title="bbox 108 285 965 357; baseline 0.007 -19"><span class='ocrx_word' id='word_1_13' title='bbox 108 285 222 354; x_wconf 89' lang='lat' dir='ltr'><strong>parendi</strong></span> <span class='ocrx_word' id='word_1_14' title='bbox 240 286 298 352; x_wconf 86' lang='lat' dir='ltr'><strong>sibi,</strong></span> <span class='ocrx_word' id='word_1_15' title='bbox 315 287 337 340; x_wconf 91' lang='lat' dir='ltr'><strong>si</strong></span> <span class='ocrx_word' id='word_1_16' title='bbox 355 286 391 340; x_wconf 92' lang='lat' dir='ltr'><strong>de</strong></span> <span class='ocrx_word' id='word_1_17' title='bbox 408 287 454 340; x_wconf 89' lang='lat' dir='ltr'><strong>illo</strong></span> <span class='ocrx_word' id='word_1_18' title='bbox 471 287 634 356; x_wconf 89' lang='lat' dir='ltr'><strong>supplicium</strong></span> <span class='ocrx_word' id='word_1_19' title='bbox 652 290 792 357; x_wconf 86' lang='lat' dir='ltr'><strong>sumptum</strong></span> <span class='ocrx_word' id='word_1_20' title='bbox 806 287 889 343; x_wconf 77' lang='lat' dir='ltr'><strong>ieret</strong></span> <span class='ocrx_word' id='word_1_21' title='bbox 924 289 965 344; x_wconf 82' lang='lat' dir='ltr'><strong>Et</strong></span> 
     </span>
     <span class='ocr_line' id='line_1_4' title="bbox 106 362 964 433; baseline 0.008 -19"><span class='ocrx_word' id='word_1_22' title='bbox 106 362 166 429; x_wconf 93' lang='lat' dir='ltr'><strong>ipse</strong></span> <span class='ocrx_word' id='word_1_23' title='bbox 182 362 275 430; x_wconf 82' lang='lat' dir='ltr'><strong>paucis</strong></span> <span class='ocrx_word' id='word_1_24' title='bbox 291 363 389 417; x_wconf 91' lang='lat' dir='ltr'><strong>diebus</strong></span> <span class='ocrx_word' id='word_1_25' title='bbox 404 363 525 433; x_wconf 77' lang='lat' dir='ltr'><strong>[eodem]</strong></span> <span class='ocrx_word' id='word_1_26' title='bbox 540 365 681 433; x_wconf 88' lang='lat' dir='ltr'><strong>profectus</strong></span> <span class='ocrx_word' id='word_1_27' title='bbox 698 368 742 419; x_wconf 91' lang='lat' dir='ltr'><strong>est</strong></span> <span class='ocrx_word' id='word_1_28' title='bbox 754 363 850 433; x_wconf 82' lang='lat' dir='ltr'><strong>jussus</strong></span> <span class='ocrx_word' id='word_1_29' title='bbox 865 365 903 421; x_wconf 86' lang='lat' dir='ltr'><strong>ab</strong></span> <span class='ocrx_word' id='word_1_30' title='bbox 919 383 964 421; x_wconf 89' lang='lat' dir='ltr'><strong>se-</strong></span> 
     </span>
     <span class='ocr_line' id='line_1_5' title="bbox 106 439 962 510; baseline 0.007 -19"><span class='ocrx_word' id='word_1_31' title='bbox 106 442 174 491; x_wconf 87' lang='lat' dir='ltr'><strong>natu</strong></span> <span class='ocrx_word' id='word_1_32' title='bbox 196 439 278 492; x_wconf 87' lang='lat' dir='ltr'><strong>Italia</strong></span> <span class='ocrx_word' id='word_1_33' title='bbox 298 439 440 494; x_wconf 78' lang='lat' dir='ltr'><strong>decedere.</strong></span> <span class='ocrx_word' id='word_1_34' title='bbox 477 441 532 493; x_wconf 77' lang='lat' dir='ltr'><strong>Sed</strong></span> <span class='ocrx_word' id='word_1_35' title='bbox 556 445 701 510; x_wconf 87' lang='lat' dir='ltr'><strong>postquam</strong></span> <span class='ocrx_word' id='word_1_36' title='bbox 723 442 811 495; x_wconf 86' lang='lat' dir='ltr'><strong>Roma</strong></span> <span class='ocrx_word' id='word_1_37' title='bbox 830 458 962 509; x_wconf 81' lang='lat' dir='ltr'><strong>egressus</strong></span> 
     </span>
     <span class='ocr_line' id='line_1_6' title="bbox 106 515 961 587; baseline 0.011 -21"><span class='ocrx_word' id='word_1_38' title='bbox 106 519 157 581; x_wconf 91' lang='lat' dir='ltr'><strong>est,</strong></span> <span class='ocrx_word' id='word_1_39' title='bbox 171 515 261 568; x_wconf 84' lang='lat' dir='ltr'><strong>fertur</strong></span> <span class='ocrx_word' id='word_1_40' title='bbox 273 532 354 583; x_wconf 84' lang='lat' dir='ltr'><strong>saepe</strong></span> <span class='ocrx_word' id='word_1_41' title='bbox 367 532 399 569; x_wconf 92' lang='lat' dir='ltr'><strong>eo</strong></span> <span class='ocrx_word' id='word_1_42' title='bbox 415 517 516 570; x_wconf 87' lang='lat' dir='ltr'><strong>tacitus</strong></span> <span class='ocrx_word' id='word_1_43' title='bbox 533 516 680 585; x_wconf 81' lang='lat' dir='ltr'><strong>respiciens</strong></span> <span class='ocrx_word' id='word_1_44' title='bbox 696 520 837 587; x_wconf 89' lang='lat' dir='ltr'><strong>postremo</strong></span> <span class='ocrx_word' id='word_1_45' title='bbox 848 517 961 587; x_wconf 80' lang='lat' dir='ltr'><strong>dixisse,</strong></span> 
     </span>
    </p>

    <p class='ocr_par' dir='ltr' id='par_1_3' title="bbox 105 590 1013 721">
     <span class='ocr_line' id='line_1_7' title="bbox 106 590 1013 662; baseline 0.008 -20"><span class='ocrx_word' id='word_1_46' title='bbox 106 590 121 617; x_wconf 92' lang='lat'>“</span> <span class='ocrx_word' id='word_1_47' title='bbox 131 590 235 644; x_wconf 90' lang='lat' dir='ltr'><strong>Urbem</strong></span> <span class='ocrx_word' id='word_1_48' title='bbox 257 592 380 645; x_wconf 86' lang='lat' dir='ltr'><strong>venalem</strong></span> <span class='ocrx_word' id='word_1_49' title='bbox 401 595 431 646; x_wconf 90' lang='lat' dir='ltr'><strong>et</strong></span> <span class='ocrx_word' id='word_1_50' title='bbox 451 597 558 646; x_wconf 86' lang='lat' dir='ltr'><strong>mature</strong></span> <span class='ocrx_word' id='word_1_51' title='bbox 578 592 738 662; x_wconf 86' lang='lat' dir='ltr'><strong>perituram,</strong></span> <span class='ocrx_word' id='word_1_52' title='bbox 759 592 782 646; x_wconf 91' lang='lat' dir='ltr'><strong>si</strong></span> <span class='ocrx_word' id='word_1_53' title='bbox 802 596 961 662; x_wconf 82' lang='lat' dir='ltr'><strong>emptorem</strong></span> <span class='ocrx_word' id='word_1_54' title='bbox 1009 606 1013 611; x_wconf 89' lang='grc'><strong>’</strong></span> 
     </span>
     <span class='ocr_line' id='line_1_8' title="bbox 105 666 263 721; baseline 0.006 -2"><span class='ocrx_word' id='word_1_55' title='bbox 105 666 263 721; x_wconf 82' lang='lat' dir='ltr'><strong>invenerit.&#39;&#39;</strong></span> 
     </span>
    </p>

    <p class='ocr_par' dir='ltr' id='par_1_4' title="bbox 100 744 1010 1860">
     <span class='ocr_line' id='line_1_9' title="bbox 157 744 959 815; baseline 0.005 -18"><span class='ocrx_word' id='word_1_56' title='bbox 157 749 197 797; x_wconf 84' lang='grc'><strong>36.</strong></span> <span class='ocrx_word' id='word_1_57' title='bbox 234 744 350 798; x_wconf 82' lang='lat' dir='ltr'><strong>Interim</strong></span> <span class='ocrx_word' id='word_1_58' title='bbox 372 745 491 798; x_wconf 85' lang='lat' dir='ltr'><strong>Albinus</strong></span> <span class='ocrx_word' id='word_1_59' title='bbox 515 748 646 798; x_wconf 85' lang='lat' dir='ltr'><strong>renovato</strong></span> <span class='ocrx_word' id='word_1_60' title='bbox 669 744 742 799; x_wconf 91' lang='lat' dir='ltr'><strong>bello</strong></span> <span class='ocrx_word' id='word_1_61' title='bbox 764 749 959 815; x_wconf 85' lang='lat' dir='ltr'><strong>commeatum,</strong></span> 
     </span>
     <span class='ocr_line' id='line_1_10' title="bbox 105 819 961 888; baseline 0.011 -18"><span class='ocrx_word' id='word_1_62' title='bbox 105 819 272 888; x_wconf 79' lang='lat' dir='ltr'><strong>stipendium</strong></span> <span class='ocrx_word' id='word_1_63' title='bbox 287 820 402 888; x_wconf 88' lang='lat' dir='ltr'><strong>aliaque,</strong></span> <span class='ocrx_word' id='word_1_64' title='bbox 415 837 485 888; x_wconf 89' lang='lat' dir='ltr'><strong>quae</strong></span> <span class='ocrx_word' id='word_1_65' title='bbox 500 820 633 874; x_wconf 72' lang='lat' dir='ltr'><strong>militibus</strong></span> <span class='ocrx_word' id='word_1_66' title='bbox 646 821 707 875; x_wconf 90' lang='lat' dir='ltr'><strong>usui</strong></span> <span class='ocrx_word' id='word_1_67' title='bbox 723 821 820 886; x_wconf 80' lang='lat' dir='ltr'><strong>forent,</strong></span> <span class='ocrx_word' id='word_1_68' title='bbox 834 826 961 879; x_wconf 86' lang='lat' dir='ltr'><strong>maturat</strong></span> 
     </span>
     <span class='ocr_line' id='line_1_11' title="bbox 104 895 961 966; baseline 0.012 -21"><span class='ocrx_word' id='word_1_69' title='bbox 104 895 131 946; x_wconf 93' lang='lat' dir='ltr'><strong>in</strong></span> <span class='ocrx_word' id='word_1_70' title='bbox 153 895 276 948; x_wconf 89' lang='lat' dir='ltr'><strong>Africam</strong></span> <span class='ocrx_word' id='word_1_71' title='bbox 294 901 419 964; x_wconf 78' lang='lat' dir='ltr'><strong>portare3</strong></span> <span class='ocrx_word' id='word_1_72' title='bbox 440 914 471 950; x_wconf 89' lang='lat' dir='ltr'><strong>ac</strong></span> <span class='ocrx_word' id='word_1_73' title='bbox 489 897 583 950; x_wconf 86' lang='lat' dir='ltr'><strong>statim</strong></span> <span class='ocrx_word' id='word_1_74' title='bbox 599 897 660 964; x_wconf 92' lang='lat' dir='ltr'><strong>ipse</strong></span> <span class='ocrx_word' id='word_1_75' title='bbox 677 897 823 966; x_wconf 84' lang='lat' dir='ltr'><strong>profectus,</strong></span> <span class='ocrx_word' id='word_1_76' title='bbox 840 900 961 955; x_wconf 79' lang='lat' dir='ltr'><strong>utente</strong></span> 
     </span>
     <span class='ocr_line' id='line_1_12' title="bbox 104 971 961 1041; baseline 0.007 -19"><span class='ocrx_word' id='word_1_77' title='bbox 104 971 219 1038; x_wconf 87' lang='lat' dir='ltr'><strong>comitia,</strong></span> <span class='ocrx_word' id='word_1_78' title='bbox 233 972 307 1040; x_wconf 92' lang='lat' dir='ltr'><strong>quod</strong></span> <span class='ocrx_word' id='word_1_79' title='bbox 322 976 430 1041; x_wconf 90' lang='lat' dir='ltr'><strong>tempus</strong></span> <span class='ocrx_word' id='word_1_80' title='bbox 446 972 521 1025; x_wconf 85' lang='lat' dir='ltr'><strong>haud</strong></span> <span class='ocrx_word' id='word_1_81' title='bbox 536 973 616 1040; x_wconf 86' lang='lat' dir='ltr'><strong>longe</strong></span> <span class='ocrx_word' id='word_1_82' title='bbox 632 973 735 1039; x_wconf 87' lang='lat' dir='ltr'><strong>aberat,</strong></span> <span class='ocrx_word' id='word_1_83' title='bbox 748 973 831 1039; x_wconf 74' lang='lat' dir='ltr'><strong>armis</strong></span> <span class='ocrx_word' id='word_1_84' title='bbox 846 977 898 1027; x_wconf 85' lang='lat' dir='ltr'><strong>aut</strong></span> <span class='ocrx_word' id='word_1_85' title='bbox 911 975 961 1029; x_wconf 89' lang='lat' dir='ltr'><strong>de-</strong></span> 
     </span>
     <span class='ocr_line' id='line_1_13' title="bbox 104 1045 960 1114; baseline 0.008 -17"><span class='ocrx_word' id='word_1_86' title='bbox 104 1045 208 1099; x_wconf 88' lang='lat' dir='ltr'><strong>ditione</strong></span> <span class='ocrx_word' id='word_1_87' title='bbox 225 1050 273 1099; x_wconf 87' lang='lat' dir='ltr'><strong>aut</strong></span> <span class='ocrx_word' id='word_1_88' title='bbox 289 1047 384 1114; x_wconf 85' lang='lat' dir='ltr'><strong>quovis</strong></span> <span class='ocrx_word' id='word_1_89' title='bbox 402 1048 483 1101; x_wconf 93' lang='lat' dir='ltr'><strong>modo</strong></span> <span class='ocrx_word' id='word_1_90' title='bbox 500 1047 601 1101; x_wconf 89' lang='lat' dir='ltr'><strong>bellum</strong></span> <span class='ocrx_word' id='word_1_91' title='bbox 618 1048 771 1103; x_wconf 85' lang='lat' dir='ltr'><strong>conficeret</strong></span> <span class='ocrx_word' id='word_1_92' title='bbox 807 1051 847 1102; x_wconf 89' lang='lat' dir='ltr'><strong>At</strong></span> <span class='ocrx_word' id='word_1_93' title='bbox 861 1055 960 1106; x_wconf 83' lang='lat' dir='ltr'><strong>eontra</strong></span> 
     </span>
     <span class='ocr_line' id='line_1_14' title="bbox 103 1121 960 1191; baseline 0.011 -18"><span class='ocrx_word' id='word_1_94' title='bbox 103 1121 122 1173; x_wconf 90' lang='lat' dir='ltr'><strong>J</strong></span> <span class='ocrx_word' id='word_1_95' title='bbox 125 1121 245 1189; x_wconf 86' lang='lat' dir='ltr'><strong>ugurtha</strong></span> <span class='ocrx_word' id='word_1_96' title='bbox 265 1124 375 1176; x_wconf 82' lang='lat' dir='ltr'><strong>trahere</strong></span> <span class='ocrx_word' id='word_1_97' title='bbox 394 1125 491 1191; x_wconf 87' lang='lat' dir='ltr'><strong>omnia,</strong></span> <span class='ocrx_word' id='word_1_98' title='bbox 510 1128 540 1178; x_wconf 89' lang='lat' dir='ltr'><strong>et</strong></span> <span class='ocrx_word' id='word_1_99' title='bbox 560 1124 635 1191; x_wconf 86' lang='lat' dir='ltr'><strong>alias,</strong></span> <span class='ocrx_word' id='word_1_100' title='bbox 654 1124 754 1179; x_wconf 92' lang='lat' dir='ltr'><strong>deinde</strong></span> <span class='ocrx_word' id='word_1_101' title='bbox 775 1124 842 1179; x_wconf 82' lang='lat' dir='ltr'><strong>alias</strong></span> <span class='ocrx_word' id='word_1_102' title='bbox 862 1142 960 1182; x_wconf 81' lang='lat' dir='ltr'><strong>morae</strong></span> 
     </span>
     <span class='ocr_line' id='line_1_15' title="bbox 103 1198 958 1267; baseline 0.009 -18"><span class='ocrx_word' id='word_1_103' title='bbox 103 1213 212 1250; x_wconf 86' lang='lat' dir='ltr'><strong>caussas</strong></span> <span class='ocrx_word' id='word_1_104' title='bbox 230 1198 328 1265; x_wconf 86' lang='lat' dir='ltr'><strong>facere,</strong></span> <span class='ocrx_word' id='word_1_105' title='bbox 347 1199 469 1267; x_wconf 84' lang='lat' dir='ltr'><strong>polliceri</strong></span> <span class='ocrx_word' id='word_1_106' title='bbox 489 1199 658 1253; x_wconf 89' lang='lat' dir='ltr'><strong>deditionem</strong></span> <span class='ocrx_word' id='word_1_107' title='bbox 679 1217 710 1254; x_wconf 88' lang='lat' dir='ltr'><strong>ac</strong></span> <span class='ocrx_word' id='word_1_108' title='bbox 729 1199 831 1254; x_wconf 90' lang='lat' dir='ltr'><strong>deinde</strong></span> <span class='ocrx_word' id='word_1_109' title='bbox 849 1206 958 1257; x_wconf 89' lang='lat' dir='ltr'><strong>metum</strong></span> 
     </span>
     <span class='ocr_line' id='line_1_16' title="bbox 104 1273 959 1344; baseline 0.009 -20"><span class='ocrx_word' id='word_1_110' title='bbox 104 1274 238 1341; x_wconf 88' lang='lat' dir='ltr'><strong>simulare,</strong></span> <span class='ocrx_word' id='word_1_111' title='bbox 257 1273 355 1328; x_wconf 83' lang='lat' dir='ltr'><strong>cedere</strong></span> <span class='ocrx_word' id='word_1_112' title='bbox 373 1275 487 1328; x_wconf 89' lang='lat' dir='ltr'><strong>instanti</strong></span> <span class='ocrx_word' id='word_1_113' title='bbox 505 1279 533 1329; x_wconf 89' lang='lat' dir='ltr'><strong>et</strong></span> <span class='ocrx_word' id='word_1_114' title='bbox 552 1275 633 1344; x_wconf 89' lang='lat' dir='ltr'><strong>paulo</strong></span> <span class='ocrx_word' id='word_1_115' title='bbox 651 1279 721 1344; x_wconf 88' lang='lat' dir='ltr'><strong>post,</strong></span> <span class='ocrx_word' id='word_1_116' title='bbox 739 1292 774 1329; x_wconf 88' lang='lat' dir='ltr'><strong>ne</strong></span> <span class='ocrx_word' id='word_1_117' title='bbox 792 1276 833 1329; x_wconf 90' lang='lat' dir='ltr'><strong>sui</strong></span> <span class='ocrx_word' id='word_1_118' title='bbox 851 1277 959 1333; x_wconf 78' lang='lat' dir='ltr'><strong>diffide</strong></span> 
     </span>
     <span class='ocr_line' id='line_1_17' title="bbox 102 1351 957 1419; baseline 0.006 -17"><span class='ocrx_word' id='word_1_119' title='bbox 102 1354 172 1414; x_wconf 90' lang='lat' dir='ltr'><strong>rent,</strong></span> <span class='ocrx_word' id='word_1_120' title='bbox 184 1351 302 1415; x_wconf 81' lang='lat' dir='ltr'><strong>instare3</strong></span> <span class='ocrx_word' id='word_1_121' title='bbox 319 1351 359 1403; x_wconf 88' lang='lat' dir='ltr'><strong>ita</strong></span> <span class='ocrx_word' id='word_1_122' title='bbox 371 1351 435 1404; x_wconf 92' lang='lat' dir='ltr'><strong>belli</strong></span> <span class='ocrx_word' id='word_1_123' title='bbox 447 1351 535 1418; x_wconf 92' lang='lat' dir='ltr'><strong>modo,</strong></span> <span class='ocrx_word' id='word_1_124' title='bbox 548 1351 630 1405; x_wconf 89' lang='lat' dir='ltr'><strong>modo</strong></span> <span class='ocrx_word' id='word_1_125' title='bbox 642 1352 716 1419; x_wconf 80' lang='lat' dir='ltr'><strong>pacis</strong></span> <span class='ocrx_word' id='word_1_126' title='bbox 727 1368 803 1405; x_wconf 87' lang='lat' dir='ltr'><strong>mora</strong></span> <span class='ocrx_word' id='word_1_127' title='bbox 815 1352 957 1408; x_wconf 88' lang='lat' dir='ltr'><strong>consulem</strong></span> 
     </span>
     <span class='ocr_line' id='line_1_18' title="bbox 102 1426 957 1497; baseline 0.007 -19"><span class='ocrx_word' id='word_1_128' title='bbox 102 1426 250 1481; x_wconf 90' lang='lat' dir='ltr'><strong>ludificare.</strong></span> <span class='ocrx_word' id='word_1_129' title='bbox 287 1430 329 1480; x_wconf 88' lang='lat' dir='ltr'><strong>Ac</strong></span> <span class='ocrx_word' id='word_1_130' title='bbox 349 1428 427 1480; x_wconf 85' lang='lat' dir='ltr'><strong>inere</strong></span> <span class='ocrx_word' id='word_1_131' title='bbox 446 1428 491 1495; x_wconf 92' lang='lat' dir='ltr'><strong>qui</strong></span> <span class='ocrx_word' id='word_1_132' title='bbox 511 1431 570 1481; x_wconf 91' lang='lat' dir='ltr'><strong>tum</strong></span> <span class='ocrx_word' id='word_1_133' title='bbox 588 1426 719 1480; x_wconf 89' lang='lat' dir='ltr'><strong>Albinum</strong></span> <span class='ocrx_word' id='word_1_134' title='bbox 737 1426 811 1481; x_wconf 86' lang='lat' dir='ltr'><strong>haud</strong></span> <span class='ocrx_word' id='word_1_135' title='bbox 828 1428 957 1497; x_wconf 80' lang='lat' dir='ltr'><strong>ignarum</strong></span> 
     </span>
     <span class='ocr_line' id='line_1_19' title="bbox 102 1502 957 1573; baseline 0.007 -19"><span class='ocrx_word' id='word_1_136' title='bbox 102 1503 195 1555; x_wconf 89' lang='lat' dir='ltr'><strong>consili</strong></span> <span class='ocrx_word' id='word_1_137' title='bbox 213 1502 286 1570; x_wconf 82' lang='lat' dir='ltr'><strong>regis</strong></span> <span class='ocrx_word' id='word_1_138' title='bbox 305 1503 509 1569; x_wconf 77' lang='lat' dir='ltr'><strong>existumarent,</strong></span> <span class='ocrx_word' id='word_1_139' title='bbox 521 1519 610 1571; x_wconf 91' lang='lat' dir='ltr'><strong>neque</strong></span> <span class='ocrx_word' id='word_1_140' title='bbox 628 1520 663 1556; x_wconf 89' lang='lat' dir='ltr'><strong>ex</strong></span> <span class='ocrx_word' id='word_1_141' title='bbox 681 1506 759 1556; x_wconf 87' lang='lat' dir='ltr'><strong>tanta</strong></span> <span class='ocrx_word' id='word_1_142' title='bbox 776 1506 957 1573; x_wconf 78' lang='lat' dir='ltr'><strong>properantia</strong></span> 
     </span>
     <span class='ocr_line' id='line_1_20' title="bbox 101 1579 956 1648; baseline 0.005 -17"><span class='ocrx_word' id='word_1_143' title='bbox 101 1581 158 1631; x_wconf 89' lang='lat' dir='ltr'><strong>tum</strong></span> <span class='ocrx_word' id='word_1_144' title='bbox 180 1579 258 1632; x_wconf 86' lang='lat' dir='ltr'><strong>facile</strong></span> <span class='ocrx_word' id='word_1_145' title='bbox 277 1583 397 1632; x_wconf 87' lang='lat' dir='ltr'><strong>tractum</strong></span> <span class='ocrx_word' id='word_1_146' title='bbox 419 1579 521 1632; x_wconf 92' lang='lat' dir='ltr'><strong>bellum</strong></span> <span class='ocrx_word' id='word_1_147' title='bbox 542 1579 664 1632; x_wconf 84' lang='lat' dir='ltr'><strong>secordia</strong></span> <span class='ocrx_word' id='word_1_148' title='bbox 682 1580 770 1647; x_wconf 80' lang='lat' dir='ltr'><strong>magis</strong></span> <span class='ocrx_word' id='word_1_149' title='bbox 788 1596 871 1648; x_wconf 85' lang='lat' dir='ltr'><strong>quam</strong></span> <span class='ocrx_word' id='word_1_150' title='bbox 890 1581 956 1636; x_wconf 88' lang='lat' dir='ltr'><strong>dolo</strong></span> 
     </span>
     <span class='ocr_line' id='line_1_21' title="bbox 101 1654 1010 1724; baseline 0.008 -18"><span class='ocrx_word' id='word_1_151' title='bbox 101 1654 254 1708; x_wconf 87' lang='lat' dir='ltr'><strong>crederent.</strong></span> <span class='ocrx_word' id='word_1_152' title='bbox 291 1655 345 1708; x_wconf 81' lang='lat' dir='ltr'><strong>Sed</strong></span> <span class='ocrx_word' id='word_1_153' title='bbox 362 1658 507 1724; x_wconf 84' lang='lat' dir='ltr'><strong>postquam</strong></span> <span class='ocrx_word' id='word_1_154' title='bbox 521 1655 626 1724; x_wconf 86' lang='lat' dir='ltr'><strong>dilapso</strong></span> <span class='ocrx_word' id='word_1_155' title='bbox 642 1658 767 1724; x_wconf 91' lang='lat' dir='ltr'><strong>tempore</strong></span> <span class='ocrx_word' id='word_1_156' title='bbox 779 1655 955 1713; x_wconf 88' lang='lat' dir='ltr'><strong>comitiorum</strong></span> <span class='ocrx_word' id='word_1_157' title='bbox 1005 1716 1010 1723; x_wconf 70' lang='grc'>,</span> 
     </span>
     <span class='ocr_line' id='line_1_22' title="bbox 100 1730 955 1802; baseline 0.007 -20"><span class='ocrx_word' id='word_1_158' title='bbox 100 1730 160 1782; x_wconf 89' lang='lat' dir='ltr'><strong>dies</strong></span> <span class='ocrx_word' id='word_1_159' title='bbox 172 1730 346 1797; x_wconf 82' lang='lat' dir='ltr'><strong>adventabat,</strong></span> <span class='ocrx_word' id='word_1_160' title='bbox 356 1731 472 1784; x_wconf 84' lang='lat' dir='ltr'><strong>Albinus</strong></span> <span class='ocrx_word' id='word_1_161' title='bbox 482 1731 554 1784; x_wconf 91' lang='lat' dir='ltr'><strong>Aulo</strong></span> <span class='ocrx_word' id='word_1_162' title='bbox 565 1731 652 1784; x_wconf 88' lang='lat' dir='ltr'><strong>fratre</strong></span> <span class='ocrx_word' id='word_1_163' title='bbox 663 1731 691 1784; x_wconf 92' lang='lat' dir='ltr'><strong>in</strong></span> <span class='ocrx_word' id='word_1_164' title='bbox 703 1732 801 1785; x_wconf 82' lang='lat' dir='ltr'><strong>castris</strong></span> <span class='ocrx_word' id='word_1_165' title='bbox 811 1748 863 1800; x_wconf 90' lang='lat' dir='ltr'><strong>pro</strong></span> <span class='ocrx_word' id='word_1_166' title='bbox 874 1749 955 1802; x_wconf 80' lang='lat' dir='ltr'><strong>prae·</strong></span> 
     </span>
     <span class='ocr_line' id='line_1_23' title="bbox 100 1805 534 1860; baseline 0.005 -2"><span class='ocrx_word' id='word_1_167' title='bbox 100 1808 160 1858; x_wconf 91' lang='lat' dir='ltr'><strong>tore</strong></span> <span class='ocrx_word' id='word_1_168' title='bbox 172 1805 268 1858; x_wconf 90' lang='lat' dir='ltr'><strong>relicto</strong></span> <span class='ocrx_word' id='word_1_169' title='bbox 282 1805 396 1859; x_wconf 85' lang='lat' dir='ltr'><strong>Romam</strong></span> <span class='ocrx_word' id='word_1_170' title='bbox 411 1807 534 1860; x_wconf 89' lang='lat' dir='ltr'><strong>decessit.</strong></span> 
     </span>
    </p>

    <p class='ocr_par' dir='ltr' id='par_1_5' title="bbox 95 1881 953 3016">
     <span class='ocr_line' id='line_1_24' title="bbox 152 1881 953 1948; baseline 0.005 -13"><span class='ocrx_word' id='word_1_171' title='bbox 152 1884 192 1937; x_wconf 87' lang='lat'><strong>37.</strong></span> <span class='ocrx_word' id='word_1_172' title='bbox 228 1881 268 1933; x_wconf 84' lang='lat' dir='ltr'><strong>Ea</strong></span> <span class='ocrx_word' id='word_1_173' title='bbox 288 1884 453 1948; x_wconf 86' lang='lat' dir='ltr'><strong>tempestate</strong></span> <span class='ocrx_word' id='word_1_174' title='bbox 474 1882 578 1936; x_wconf 84' lang='lat' dir='ltr'><strong>Rornae</strong></span> <span class='ocrx_word' id='word_1_175' title='bbox 598 1881 779 1936; x_wconf 87' lang='lat' dir='ltr'><strong>seditionibus</strong></span> <span class='ocrx_word' id='word_1_176' title='bbox 797 1882 953 1939; x_wconf 86' lang='lat' dir='ltr'><strong>tribuniciis</strong></span> 
     </span>
     <span class='ocr_line' id='line_1_25' title="bbox 100 1957 951 2024; baseline 0.007 -14"><span class='ocrx_word' id='word_1_177' title='bbox 100 1958 230 2010; x_wconf 79' lang='lat' dir='ltr'><strong>atrociter</strong></span> <span class='ocrx_word' id='word_1_178' title='bbox 254 1973 298 2009; x_wconf 91' lang='lat' dir='ltr'><strong>res</strong></span> <span class='ocrx_word' id='word_1_179' title='bbox 321 1957 430 2022; x_wconf 88' lang='lat' dir='ltr'><strong>publica</strong></span> <span class='ocrx_word' id='word_1_180' title='bbox 453 1957 614 2024; x_wconf 81' lang='lat' dir='ltr'><strong>agitabatur.</strong></span> <span class='ocrx_word' id='word_1_181' title='bbox 659 1957 689 2011; x_wconf 90' lang='lat' dir='ltr'><strong>P.</strong></span> <span class='ocrx_word' id='word_1_182' title='bbox 710 1958 841 2011; x_wconf 90' lang='lat' dir='ltr'><strong>Lucullus</strong></span> <span class='ocrx_word' id='word_1_183' title='bbox 863 1962 894 2013; x_wconf 90' lang='lat' dir='ltr'><strong>et</strong></span> <span class='ocrx_word' id='word_1_184' title='bbox 918 1960 951 2016; x_wconf 69' lang='lat'><strong>11.</strong></span> 
     </span>
     <span class='ocr_line' id='line_1_26' title="bbox 100 2031 952 2101; baseline 0.004 -15"><span class='ocrx_word' id='word_1_185' title='bbox 100 2033 215 2099; x_wconf 87' lang='lat' dir='ltr'><strong>Annius,</strong></span> <span class='ocrx_word' id='word_1_186' title='bbox 228 2032 332 2085; x_wconf 88' lang='lat' dir='ltr'><strong>tribuni</strong></span> <span class='ocrx_word' id='word_1_187' title='bbox 347 2031 442 2100; x_wconf 89' lang='lat' dir='ltr'><strong>plebis,</strong></span> <span class='ocrx_word' id='word_1_188' title='bbox 456 2033 648 2087; x_wconf 89' lang='lat' dir='ltr'><strong>resistentibus</strong></span> <span class='ocrx_word' id='word_1_189' title='bbox 665 2033 775 2101; x_wconf 86' lang='lat' dir='ltr'><strong>collegis</strong></span> <span class='ocrx_word' id='word_1_190' title='bbox 791 2035 952 2089; x_wconf 85' lang='lat' dir='ltr'><strong>continuare</strong></span> 
     </span>
     <span class='ocr_line' id='line_1_27' title="bbox 99 2107 951 2177; baseline 0.002 -14"><span class='ocrx_word' id='word_1_191' title='bbox 99 2109 290 2177; x_wconf 80' lang='lat' dir='ltr'><strong>magistratum</strong></span> <span class='ocrx_word' id='word_1_192' title='bbox 309 2107 475 2176; x_wconf 87' lang='lat' dir='ltr'><strong>nitebantur,</strong></span> <span class='ocrx_word' id='word_1_193' title='bbox 489 2126 559 2176; x_wconf 87' lang='lat' dir='ltr'><strong>quae</strong></span> <span class='ocrx_word' id='word_1_194' title='bbox 575 2109 707 2163; x_wconf 90' lang='lat' dir='ltr'><strong>dissensio</strong></span> <span class='ocrx_word' id='word_1_195' title='bbox 723 2108 809 2163; x_wconf 87' lang='lat' dir='ltr'><strong>totius</strong></span> <span class='ocrx_word' id='word_1_196' title='bbox 826 2111 890 2163; x_wconf 90' lang='lat' dir='ltr'><strong>anni</strong></span> <span class='ocrx_word' id='word_1_197' title='bbox 906 2127 951 2165; x_wconf 91' lang='lat' dir='ltr'><strong>co-</strong></span> 
     </span>
     <span class='ocr_line' id='line_1_28' title="bbox 99 2184 950 2257; baseline 0.005 -19"><span class='ocrx_word' id='word_1_198' title='bbox 99 2186 176 2240; x_wconf 87' lang='lat' dir='ltr'><strong>mitia</strong></span> <span class='ocrx_word' id='word_1_199' title='bbox 192 2184 368 2254; x_wconf 85' lang='lat' dir='ltr'><strong>impediebat.</strong></span> <span class='ocrx_word' id='word_1_200' title='bbox 404 2185 445 2238; x_wconf 83' lang='lat' dir='ltr'><strong>Ea</strong></span> <span class='ocrx_word' id='word_1_201' title='bbox 463 2201 540 2238; x_wconf 89' lang='lat' dir='ltr'><strong>mora</strong></span> <span class='ocrx_word' id='word_1_202' title='bbox 557 2185 585 2238; x_wconf 91' lang='lat' dir='ltr'><strong>in</strong></span> <span class='ocrx_word' id='word_1_203' title='bbox 605 2202 681 2254; x_wconf 91' lang='lat' dir='ltr'><strong>spem</strong></span> <span class='ocrx_word' id='word_1_204' title='bbox 698 2184 835 2239; x_wconf 85' lang='lat' dir='ltr'><strong>adductus</strong></span> <span class='ocrx_word' id='word_1_205' title='bbox 853 2186 950 2257; x_wconf 86' lang='lat' dir='ltr'><strong>Aulus,</strong></span> 
     </span>
     <span class='ocr_line' id='line_1_29' title="bbox 100 2260 949 2332; baseline 0.002 -17"><span class='ocrx_word' id='word_1_206' title='bbox 100 2279 182 2330; x_wconf 91' lang='lat' dir='ltr'><strong>quem</strong></span> <span class='ocrx_word' id='word_1_207' title='bbox 199 2279 250 2331; x_wconf 89' lang='lat' dir='ltr'><strong>pro</strong></span> <span class='ocrx_word' id='word_1_208' title='bbox 269 2264 396 2330; x_wconf 88' lang='lat' dir='ltr'><strong>praetore</strong></span> <span class='ocrx_word' id='word_1_209' title='bbox 414 2261 441 2314; x_wconf 93' lang='lat' dir='ltr'><strong>in</strong></span> <span class='ocrx_word' id='word_1_210' title='bbox 459 2261 555 2314; x_wconf 87' lang='lat' dir='ltr'><strong>eastris</strong></span> <span class='ocrx_word' id='word_1_211' title='bbox 573 2261 700 2314; x_wconf 91' lang='lat' dir='ltr'><strong>relictum</strong></span> <span class='ocrx_word' id='word_1_212' title='bbox 718 2278 802 2330; x_wconf 87' lang='lat' dir='ltr'><strong>supra</strong></span> <span class='ocrx_word' id='word_1_213' title='bbox 820 2260 949 2332; x_wconf 80' lang='lat' dir='ltr'><strong>diximus,</strong></span> 
     </span>
     <span class='ocr_line' id='line_1_30' title="bbox 98 2337 950 2407; baseline -0.001 -15"><span class='ocrx_word' id='word_1_214' title='bbox 98 2342 147 2392; x_wconf 90' lang='lat' dir='ltr'><strong>aut</strong></span> <span class='ocrx_word' id='word_1_215' title='bbox 158 2338 320 2392; x_wconf 87' lang='lat' dir='ltr'><strong>conficiundi</strong></span> <span class='ocrx_word' id='word_1_216' title='bbox 336 2338 401 2392; x_wconf 90' lang='lat' dir='ltr'><strong>belli</strong></span> <span class='ocrx_word' id='word_1_217' title='bbox 415 2341 464 2392; x_wconf 88' lang='lat' dir='ltr'><strong>aut</strong></span> <span class='ocrx_word' id='word_1_218' title='bbox 475 2341 582 2390; x_wconf 90' lang='lat' dir='ltr'><strong>terrore</strong></span> <span class='ocrx_word' id='word_1_219' title='bbox 594 2337 731 2391; x_wconf 84' lang='lat' dir='ltr'><strong>exercitus</strong></span> <span class='ocrx_word' id='word_1_220' title='bbox 743 2337 778 2390; x_wconf 86' lang='lat' dir='ltr'><strong>ab</strong></span> <span class='ocrx_word' id='word_1_221' title='bbox 790 2354 857 2406; x_wconf 83' lang='lat' dir='ltr'><strong>rege</strong></span> <span class='ocrx_word' id='word_1_222' title='bbox 868 2355 950 2407; x_wconf 89' lang='lat' dir='ltr'><strong>pecn-</strong></span> 
     </span>
     <span class='ocr_line' id='line_1_31' title="bbox 98 2412 949 2483; baseline 0.004 -16"><span class='ocrx_word' id='word_1_223' title='bbox 98 2415 159 2469; x_wconf 89' lang='lat' dir='ltr'><strong>niae</strong></span> <span class='ocrx_word' id='word_1_224' title='bbox 178 2414 336 2483; x_wconf 87' lang='lat' dir='ltr'><strong>capiundae,</strong></span> <span class='ocrx_word' id='word_1_225' title='bbox 354 2415 454 2467; x_wconf 91' lang='lat' dir='ltr'><strong>milites</strong></span> <span class='ocrx_word' id='word_1_226' title='bbox 473 2430 566 2466; x_wconf 88' lang='lat' dir='ltr'><strong>mense</strong></span> <span class='ocrx_word' id='word_1_227' title='bbox 581 2413 599 2465; x_wconf 90' lang='lat' dir='ltr'><strong>J</strong></span> <span class='ocrx_word' id='word_1_228' title='bbox 602 2413 713 2466; x_wconf 85' lang='lat' dir='ltr'><strong>anuario</strong></span> <span class='ocrx_word' id='word_1_229' title='bbox 728 2430 762 2467; x_wconf 88' lang='lat' dir='ltr'><strong>ex</strong></span> <span class='ocrx_word' id='word_1_230' title='bbox 780 2412 904 2467; x_wconf 90' lang='lat' dir='ltr'><strong>hibernis</strong></span> <span class='ocrx_word' id='word_1_231' title='bbox 921 2416 949 2470; x_wconf 90' lang='lat' dir='ltr'><strong>iu</strong></span> 
     </span>
     <span class='ocr_line' id='line_1_32' title="bbox 98 2489 950 2560; baseline 0.001 -16"><span class='ocrx_word' id='word_1_232' title='bbox 98 2492 301 2560; x_wconf 84' lang='lat' dir='ltr'><strong>expeditionem</strong></span> <span class='ocrx_word' id='word_1_233' title='bbox 315 2494 417 2555; x_wconf 82' lang='lat' dir='ltr'><strong>evocat,</strong></span> <span class='ocrx_word' id='word_1_234' title='bbox 428 2490 587 2557; x_wconf 85' lang='lat' dir='ltr'><strong>magnisque</strong></span> <span class='ocrx_word' id='word_1_235' title='bbox 599 2489 742 2543; x_wconf 88' lang='lat' dir='ltr'><strong>itineribus</strong></span> <span class='ocrx_word' id='word_1_236' title='bbox 751 2489 841 2543; x_wconf 88' lang='lat' dir='ltr'><strong>hieme</strong></span> <span class='ocrx_word' id='word_1_237' title='bbox 851 2506 950 2560; x_wconf 77' lang='lat' dir='ltr'><strong>aspera</strong></span> 
     </span>
     <span class='ocr_line' id='line_1_33' title="bbox 98 2564 949 2636; baseline 0.002 -16"><span class='ocrx_word' id='word_1_238' title='bbox 98 2566 277 2636; x_wconf 87' lang='lat' dir='ltr'><strong>pervenitad</strong></span> <span class='ocrx_word' id='word_1_239' title='bbox 296 2565 426 2632; x_wconf 90' lang='lat' dir='ltr'><strong>oppidum</strong></span> <span class='ocrx_word' id='word_1_240' title='bbox 446 2564 550 2630; x_wconf 81' lang='lat' dir='ltr'><strong>Suthul,</strong></span> <span class='ocrx_word' id='word_1_241' title='bbox 569 2565 615 2618; x_wconf 93' lang='lat' dir='ltr'><strong>ubi</strong></span> <span class='ocrx_word' id='word_1_242' title='bbox 634 2566 706 2633; x_wconf 84' lang='lat' dir='ltr'><strong>regis</strong></span> <span class='ocrx_word' id='word_1_243' title='bbox 724 2565 845 2619; x_wconf 87' lang='lat' dir='ltr'><strong>thesauri</strong></span> <span class='ocrx_word' id='word_1_244' title='bbox 862 2572 949 2623; x_wconf 86' lang='lat' dir='ltr'><strong>erant.</strong></span> 
     </span>
     <span class='ocr_line' id='line_1_34' title="bbox 100 2641 949 2710; baseline 0.004 -15"><span class='ocrx_word' id='word_1_245' title='bbox 100 2642 178 2707; x_wconf 86' lang='lat' dir='ltr'><strong>Quod</strong></span> <span class='ocrx_word' id='word_1_246' title='bbox 196 2657 359 2707; x_wconf 69' lang='lat' dir='ltr'><strong>qumquam</strong></span> <span class='ocrx_word' id='word_1_247' title='bbox 376 2646 405 2694; x_wconf 91' lang='lat' dir='ltr'><strong>et</strong></span> <span class='ocrx_word' id='word_1_248' title='bbox 422 2641 535 2694; x_wconf 85' lang='lat' dir='ltr'><strong>saevitia</strong></span> <span class='ocrx_word' id='word_1_249' title='bbox 547 2641 679 2709; x_wconf 89' lang='lat' dir='ltr'><strong>temporis</strong></span> <span class='ocrx_word' id='word_1_250' title='bbox 695 2645 724 2695; x_wconf 91' lang='lat' dir='ltr'><strong>et</strong></span> <span class='ocrx_word' id='word_1_251' title='bbox 740 2643 949 2710; x_wconf 86' lang='lat' dir='ltr'><strong>opportunitate</strong></span> 
     </span>
     <span class='ocr_line' id='line_1_35' title="bbox 97 2716 949 2786; baseline 0.004 -15"><span class='ocrx_word' id='word_1_252' title='bbox 97 2718 147 2772; x_wconf 93' lang='lat' dir='ltr'><strong>loci</strong></span> <span class='ocrx_word' id='word_1_253' title='bbox 164 2735 251 2785; x_wconf 82' lang='lat' dir='ltr'><strong>neque</strong></span> <span class='ocrx_word' id='word_1_254' title='bbox 264 2716 324 2785; x_wconf 88' lang='lat' dir='ltr'><strong>capi</strong></span> <span class='ocrx_word' id='word_1_255' title='bbox 338 2734 426 2786; x_wconf 89' lang='lat' dir='ltr'><strong>neque</strong></span> <span class='ocrx_word' id='word_1_256' title='bbox 439 2716 559 2770; x_wconf 90' lang='lat' dir='ltr'><strong>obsideri</strong></span> <span class='ocrx_word' id='word_1_257' title='bbox 573 2721 691 2786; x_wconf 88' lang='lat' dir='ltr'><strong>poterat,</strong></span> <span class='ocrx_word' id='word_1_258' title='bbox 703 2734 766 2771; x_wconf 90' lang='lat' dir='ltr'><strong>nam</strong></span> <span class='ocrx_word' id='word_1_259' title='bbox 778 2719 879 2773; x_wconf 87' lang='lat' dir='ltr'><strong>circum</strong></span> <span class='ocrx_word' id='word_1_260' title='bbox 891 2736 949 2773; x_wconf 84' lang='lat' dir='ltr'><strong>rnu-</strong></span> 
     </span>
     <span class='ocr_line' id='line_1_36' title="bbox 96 2793 949 2862; baseline 0.002 -15"><span class='ocrx_word' id='word_1_261' title='bbox 96 2811 157 2847; x_wconf 89' lang='lat' dir='ltr'><strong>rum</strong></span> <span class='ocrx_word' id='word_1_262' title='bbox 170 2795 252 2847; x_wconf 88' lang='lat' dir='ltr'><strong>situm</strong></span> <span class='ocrx_word' id='word_1_263' title='bbox 264 2794 292 2846; x_wconf 93' lang='lat' dir='ltr'><strong>in</strong></span> <span class='ocrx_word' id='word_1_264' title='bbox 304 2794 444 2862; x_wconf 88' lang='lat' dir='ltr'><strong>praerupti</strong></span> <span class='ocrx_word' id='word_1_265' title='bbox 462 2794 561 2845; x_wconf 88' lang='lat' dir='ltr'><strong>montis</strong></span> <span class='ocrx_word' id='word_1_266' title='bbox 574 2799 697 2847; x_wconf 84' lang='lat' dir='ltr'><strong>extremo</strong></span> <span class='ocrx_word' id='word_1_267' title='bbox 712 2793 840 2862; x_wconf 86' lang='lat' dir='ltr'><strong>planities</strong></span> <span class='ocrx_word' id='word_1_268' title='bbox 852 2794 949 2850; x_wconf 85' lang='lat' dir='ltr'><strong>limosa</strong></span> 
     </span>
     <span class='ocr_line' id='line_1_37' title="bbox 96 2868 947 2943; baseline 0.001 -19"><span class='ocrx_word' id='word_1_269' title='bbox 96 2870 258 2924; x_wconf 88' lang='lat' dir='ltr'><strong>hiemalibus</strong></span> <span class='ocrx_word' id='word_1_270' title='bbox 273 2871 351 2939; x_wconf 72' lang='lat' dir='ltr'><strong>aquis</strong></span> <span class='ocrx_word' id='word_1_271' title='bbox 367 2869 494 2939; x_wconf 85' lang='lat' dir='ltr'><strong>paludem</strong></span> <span class='ocrx_word' id='word_1_272' title='bbox 510 2869 619 2937; x_wconf 89' lang='lat' dir='ltr'><strong>fecerat,</strong></span> <span class='ocrx_word' id='word_1_273' title='bbox 632 2874 724 2924; x_wconf 88' lang='lat' dir='ltr'><strong>tamen</strong></span> <span class='ocrx_word' id='word_1_274' title='bbox 736 2874 784 2924; x_wconf 92' lang='lat' dir='ltr'><strong>aut</strong></span> <span class='ocrx_word' id='word_1_275' title='bbox 801 2868 947 2943; x_wconf 87' lang='lat' dir='ltr'><strong>simulandi</strong></span> 
     </span>
     <span class='ocr_line' id='line_1_38' title="bbox 95 2946 948 3016; baseline 0.004 -16"><span class='ocrx_word' id='word_1_276' title='bbox 95 2948 192 3015; x_wconf 83' lang='lat' dir='ltr'><strong>gratia,</strong></span> <span class='ocrx_word' id='word_1_277' title='bbox 201 2963 254 3015; x_wconf 92' lang='lat' dir='ltr'><strong>quo</strong></span> <span class='ocrx_word' id='word_1_278' title='bbox 264 2949 323 3016; x_wconf 86' lang='lat' dir='ltr'><strong>regi</strong></span> <span class='ocrx_word' id='word_1_279' title='bbox 333 2946 506 3000; x_wconf 84' lang='lat' dir='ltr'><strong>formidinem</strong></span> <span class='ocrx_word' id='word_1_280' title='bbox 519 2946 643 3012; x_wconf 85' lang='lat' dir='ltr'><strong>adderet,</strong></span> <span class='ocrx_word' id='word_1_281' title='bbox 653 2950 702 3000; x_wconf 90' lang='lat' dir='ltr'><strong>aut</strong></span> <span class='ocrx_word' id='word_1_282' title='bbox 715 2946 842 3015; x_wconf 90' lang='lat' dir='ltr'><strong>cupidine</strong></span> <span class='ocrx_word' id='word_1_283' title='bbox 851 2964 948 3003; x_wconf 87' lang='lat' dir='ltr'><strong>caecus</strong></span> 
     </span>
    </p>

    <p class='ocr_par' dir='ltr' id='par_1_6' title="bbox 57 3021 987 3252">
     <span class='ocr_line' id='line_1_39' title="bbox 77 3021 952 3096; baseline 0.003 -23"><span class='ocrx_word' id='word_1_284' title='bbox 77 3023 133 3087; x_wconf 87' lang='lat' dir='ltr'><strong>[ob</strong></span> <span class='ocrx_word' id='word_1_285' title='bbox 151 3023 298 3080; x_wconf 80' lang='lat' dir='ltr'><strong>thesauros</strong></span> <span class='ocrx_word' id='word_1_286' title='bbox 314 3023 412 3096; x_wconf 86' lang='lat' dir='ltr'><strong>oppidi</strong></span> <span class='ocrx_word' id='word_1_287' title='bbox 430 3021 578 3094; x_wconf 71' lang='lat' dir='ltr'><strong>potiundil,</strong></span> <span class='ocrx_word' id='word_1_288' title='bbox 596 3023 692 3076; x_wconf 72' lang='lat' dir='ltr'><strong>vineas</strong></span> <span class='ocrx_word' id='word_1_289' title='bbox 709 3040 802 3090; x_wconf 76' lang='lat' dir='ltr'><strong>agere,</strong></span> <span class='ocrx_word' id='word_1_290' title='bbox 819 3040 952 3089; x_wconf 57' lang='lat' dir='ltr'><strong>asserem</strong></span> 
     </span>
     <span class='ocr_line' id='line_1_40' title="bbox 57 3093 956 3176; baseline -0.008 -23"><span class='ocrx_word' id='word_1_291' title='bbox 57 3093 167 3166; x_wconf 57' lang='lat' dir='ltr'><strong>heere,</strong></span> <span class='ocrx_word' id='word_1_292' title='bbox 181 3101 295 3171; x_wconf 84' lang='lat' dir='ltr'><strong>aliaque</strong></span> <span class='ocrx_word' id='word_1_293' title='bbox 308 3121 384 3175; x_wconf 86' lang='lat' dir='ltr'><strong>quae</strong></span> <span class='ocrx_word' id='word_1_294' title='bbox 397 3103 520 3174; x_wconf 87' lang='lat' dir='ltr'><strong>incepto</strong></span> <span class='ocrx_word' id='word_1_295' title='bbox 532 3100 598 3156; x_wconf 86' lang='lat' dir='ltr'><strong>usui</strong></span> <span class='ocrx_word' id='word_1_296' title='bbox 610 3102 705 3154; x_wconf 79' lang='lat' dir='ltr'><strong>forent</strong></span> <span class='ocrx_word' id='word_1_297' title='bbox 715 3111 883 3168; x_wconf 82' lang='lat' dir='ltr'><strong>properare.</strong></span> <span class='ocrx_word' id='word_1_298' title='bbox 949 3163 956 3176; x_wconf 27' lang='grc' dir='ltr'>ἱ</span> 
     </span>
     <span class='ocr_line' id='line_1_41' title="bbox 101 3165 987 3252; baseline -0.001 -20"><span class='ocrx_word' id='word_1_299' title='bbox 101 3176 147 3224; x_wconf 66' lang='grc'><strong>38.</strong></span> <span class='ocrx_word' id='word_1_300' title='bbox 187 3180 235 3232; x_wconf 82' lang='lat' dir='ltr'><strong>At</strong></span> <span class='ocrx_word' id='word_1_301' title='bbox 252 3181 410 3252; x_wconf 61' lang='lat' dir='ltr'><strong>,Iugurtha</strong></span> <span class='ocrx_word' id='word_1_302' title='bbox 431 3180 553 3252; x_wconf 74' lang='lat' dir='ltr'><strong>cognita</strong></span> <span class='ocrx_word' id='word_1_303' title='bbox 572 3177 710 3233; x_wconf 83' lang='lat' dir='ltr'><strong>vanitate</strong></span> <span class='ocrx_word' id='word_1_304' title='bbox 726 3177 818 3238; x_wconf 70' lang='lat' dir='ltr'><strong>atque</strong></span> <span class='ocrx_word' id='word_1_305' title='bbox 833 3165 987 3231; x_wconf 46' lang='lat' dir='ltr'><strong>mimi&amp;</strong></span> 
     </span>
    </p>
   </div>
   <div class='ocr_carea' id='block_1_3' title="bbox 0 0 1040 3412">
    <p class='ocr_par' dir='ltr' id='par_1_7' title="bbox 0 0 1040 3412">
     <span class='ocr_line' id='line_1_42' title="bbox 0 0 1040 3412; baseline 0 5"><span class='ocrx_word' id='word_1_306' title='bbox 0 0 1040 3412; x_wconf 95' lang='lat' dir='ltr'><strong> </strong></span> 
     </span>
    </p>
   </div>
  </div>
 </body>
</html>
