2070 3412
433 163 641 213 JUGURTHA.
931 165 961 215 97

105 261 190 300 ,secus
206 246 350 300 difficilem.
385 244 513 312 Namque
528 242 602 297 haud
621 244 729 310 longea
745 244 855 296 flumine
873 244 962 296 Mulu-

111 321 169 388 cha,
192 322 267 390 quod
286 321 442 389 iugurthae
466 319 620 388 Bocchique
642 336 758 388 regnum
779 319 961 386 disjungebat,

112 400 173 451 erat
196 398 270 451 inter
292 401 412 450 ceteram
436 395 576 465 planitiem
600 413 677 448 mons
702 412 806 461 saxeus,
825 395 962 448 mediocri

111 473 223 526 castello
240 472 306 526 satis
323 476 429 541 patens,
448 473 476 524 in
494 472 655 525 immensum
674 471 773 535 editus,
792 487 847 524 uno
866 487 962 538 persu—
981 492 988 512 x

110 551 192 616 gusto
201 549 278 602 aditu
287 548 397 613 relicto;
415 564 478 600 nam
490 548 578 600 omnis
591 551 689 600 natura
698 547 773 600 velut
785 563 867 614 opere
878 550 962 614 atque

112 624 389 693 consultopraeceps.
426 623 512 687 Quem
526 623 614 675 locum
630 623 741 688 Marius,
753 623 827 690 quod
839 621 877 674 ibi
889 622 962 689 regis

111 699 234 753 thesauri
253 702 339 765 erant,
360 699 504 753 summan
519 714 616 767 capere
633 698 760 752 intendit.
795 698 851 752 Sed
868 715 962 751 cares

111 775 184 828 forte
196 791 278 844 quam
291 775 401 828 consilio
413 775 510 828 melius
521 778 606 842 gesta.
643 774 668 826 N
671 791 714 826 am
724 773 835 827 castello
843 775 962 828 virorum

112 853 196 918 atque
207 867 345 904 armorum
358 851 432 918 satis,
448 866 547 918 magna
557 851 599 904 vis
614 851 743 904 frumenti
755 853 784 902 et
795 850 854 901 fons
867 866 961 918 aquae,

112 926 258 993 aggeribus
270 926 447 995 turribusque
459 930 488 980 ct
499 926 559 979 aliis
570 926 814 980 machinationibus
826 926 900 978 locus
913 927 962 979 im-

112 1005 254 1071 portunus,
264 1003 318 1057 iter
329 1003 537 1057 castellanorum
550 1006 694 1070 angustum
708 1002 855 1055 admodum
865 1003 960 1055 utrim-

112 1094 166 1146 que
186 1079 344 1146 praecisu'm.
379 1079 484 1132 Vineae
505 1095 566 1132 cum
590 1078 696 1146 ingenti
718 1078 839 1147 periculo
859 1079 961 1131 frustra

112 1153 281 1222 agebantur3
297 1171 360 1207 nam
377 1171 460 1223 quum
475 1170 525 1208 eae
541 1155 622 1222 paulo
636 1158 830 1222 processerant,
843 1155 899 1221 igni
913 1157 961 1207 aut

12 1255 16 1261 ·
112 1229 249 1298 lapidibus
268 1230 514 1300 corrumpebantur
521 1251 529 1296 3
557 1231 659 1283 milites
681 1246 770 1298 neque
799 1247 849 1298 pro
878 1245 961 1298 opere

113 1305 262 1358 consistere
280 1309 393 1374 propter
411 1306 584 1374 iniquitatem
600 1306 660 1373 loci,
675 1320 763 1373 neque
780 1305 852 1358 inter
869 1306 961 1358 vineas

113 1380 172 1434 sine
196 1381 316 1448 periculo
337 1382 544 1446 administrare,
571 1385 699 1449 optumus
724 1381 838 1449 quisque
862 1381 961 1434 cadere

113 1459 161 1510 aut
172 1457 294 1523 sauciari,
307 1458 406 1510 ceteris
418 1461 508 1510 metus
520 1459 621 1524 augeri.

165 1538 206 1586 93.
243 1534 283 1586 At
296 1533 399 1585 Marius
413 1533 506 1586 multis
519 1533 615 1586 diebus
627 1536 657 1586 et
669 1531 807 1585 laboribus
819 1548 961 1600 consump-

113 1607 150 1661 tis
165 1609 261 1661 anxius
278 1607 389 1661 trahere
404 1624 464 1661 cum
481 1609 571 1661 auimo
587 1607 665 1678 [suo]‚
682 1608 858 1662 omitteretne
870 1609 961 1678 incep-

112 1686 179 1749 tum,
191 1684 317 1752 quoniam
329 1684 432 1738 frustra
444 1687 512 1752 erat,
520 1686 555 1738 aii
566 1685 702 1738 fortunam
715 1684 897 1752 opperiretur,
906 1702 961 1753 qua

113 1775 195 1829 saepe
207 1776 338 1829 prospere
352 1777 418 1814 usus
434 1760 555 1830 [fuerat]
593 1761 668 1825 Quae
685 1777 769 1829 quum
785 1760 885 1813 multos
902 1761 961 1815 dies

112 1835 254 1904 noctisque
271 1839 398 1889 aestuans
414 1837 539 1904 agitaret,
555 1837 627 1890 forte
643 1836 753 1904 quidam
771 1836 855 1904 Ligus
868 1852 901 1889 ex
917 1853 961 1890 co-

113 1910 237 1965 hortibus
260 1912 410 1965 auxiliariis
433 1911 510 1964 miles
534 1913 683 1980 gregarius,
707 1912 804 1965 castris
831 1916 961 1980 aquatum

113 2004 246 2054 egressus,
263 1987 338 2041 haud
354 1989 447 2056 procul
466 1987 500 2040 ab
515 1988 601 2041 latere
617 1988 730 2054 castelli,
746 1988 820 2056 quod
836 2005 961 2042 avorsum

112 2063 309 2131 proeliantibus
325 2068 393 2132 erat,
409 2065 528 2116 animum
544 2064 665 2117 advortit
679 2064 751 2116 iuter
763 2081 828 2117 saxa
841 2065 962 2131 repentis

112 2139 249 2204 cochleas3
267 2155 381 2207 quarum
398 2157 482 2208 quum
499 2156 580 2192 uuam
595 2143 679 2206 atque
691 2140 815 2204 alteram,
827 2140 891 2192 dein
903 2141 962 2207 plu-

112 2231 157 2268 res
167 2218 285 2284 peteret,
299 2215 391 2269 studio
402 2215 514 2282 legundi
530 2216 661 2283 paulatim
673 2231 758 2282 prope
774 2215 811 2266 ad
827 2231 961 2269 summum

112 2291 213 2344 montis
231 2307 358 2358 egressus
377 2295 426 2345 est.
464 2291 519 2345 Ubi
537 2295 682 2359 postquam
698 2290 871 2343 solitudinem
884 2291 963 2344 intel-

113 2365 187 2432 lexit,
200 2382 276 2420 more
287 2366 399 2420 humani
413 2367 504 2435 ingeni
520 2367 619 2435 cupido
635 2366 754 2419 difficilia
770 2366 889 2419 faciundi
906 2368 962 2420 ani-

112 2458 187 2495 mum
199 2442 291 2496 vortit.
326 2443 362 2496 Et
380 2442 451 2496 forte
466 2444 494 2495 iu
511 2459 543 2496 eo
560 2443 619 2496 loco
634 2442 746 2510 grandis
758 2443 811 2496 ilex
824 2443 962 2497 coaluerat

113 2517 186 2571 inter
200 2533 272 2585 saxa,
288 2519 399 2586 paulum
415 2519 496 2572 modo
512 2535 604 2587 prona,
618 2519 681 2572 dein
698 2518 769 2572 flexa
784 2522 869 2588 atque
883 2524 963 2574 aucta

112 2593 140 2646 iu
152 2592 334 2661 altitudinem,
347 2611 400 2663 quo
416 2598 514 2648 cuneta
528 2595 698 2662 gignentium
715 2599 813 2649 natura
829 2597 899 2660 fert3
917 2613 962 2649 cu-

108 2667 157 2737 jus
177 2669 260 2722 ramis
279 2669 369 2737 modo,
387 2670 468 2724 modo
488 2671 671 2724 eminentibus
691 2671 763 2724 saxis
784 2672 859 2724 nisus
878 2672 963 2738 Ligus

112 2744 218 2799 castelli
236 2745 378 2813 planitiem
397 2746 549 2815 perscribit,
569 2747 644 2814 quod
663 2747 755 2802 cuncti
772 2747 908 2800 Numidae
925 2748 963 2800 iu-

112 2820 183 2874 teuti
201 2821 398 2889 proeliantibus
416 2823 539 2875 aderant.
575 2822 730 2890 Exploratis
749 2821 874 2876 omnibus
892 2839 962 2890 quae

113 2909 176 2949 mox
188 2896 249 2950 usui
260 2897 319 2951 fore
329 2898 454 2966 ducebat,
463 2898 559 2952 eadem
572 2898 735 2966 regreditur,
744 2915 798 2951 non
811 2902 924 2965 temere,
931 2901 963 2953 ut

113 2971 282 3040 escenderat,
293 2973 343 3026 sed
354 2976 493 3042 temptans
504 2973 595 3028 omnia
603 2977 634 3030 et
644 2973 879 3041 circumspiciens.
907 2975 973 3022 'uase

111 3064 165 3113 quc
180 3047 300 3104 Marium
317 3067 437 3123 propere
454 3049 526 3121 adit,
543 3055 611 3108 acta
626 3047 889 3116 edomationem
906 3040 947 3088 aa
962 3051 1005 3116 fes.

97 3125 183 3186 parte
198 3140 255 3192 qua
275 3126 339 3198 ipse
362 3131 542 3188 escenderat
560 3130 722 3188 castellum
734 3118 894 3185 temptet,
904 3107 1029 3184 Q*

91 3196 142 3248 tur
151 3212 217 3256 sese
229 3202 346 3264 itineris
359 3211 555 3286 periculique
562 3211 686 3267 ducem.
714 3193 844 3256 blm*
855 3173 980 3237 “mxl
