2070 3412
317 177 320 182 ·
410 159 593 208 earmina
908 164 926 212 *7

74 237 172 294 domos
189 242 273 308 atquc
286 239 364 294 villas
376 240 534 308 cognoveris
550 240 578 293 in
594 239 704 294 urbium
720 240 831 295 modum
847 257 927 297 erae·

76 310 208 382 difieatas,
228 316 316 370 visere
341 316 443 384 templa
464 315 586 382 deorum,
606 332 677 384 quae
700 317 786 389 nostri
809 318 928 386 majores

75 387 280 458 religiosissumi
295 392 425 455 mortales
436 393 533 447 fecero.
570 393 674 446 Verum
686 392 726 446 illi
738 393 853 448 delubra
865 395 928 448 deo

75 483 136 520 rum
147 468 261 536 pietate,
273 468 368 522 domos
383 485 445 522 suas
460 468 549 536 gloria
561 468 734 534 decorabant,
747 485 835 538 neque
847 470 927 524 victis

75 543 220 612 quicquam
236 547 349 611 praeter
365 543 481 613 injuriae
497 544 634 598 licentiam
648 543 807 612 eripiebant.
841 547 883 600 At
897 545 926 607 bi

74 625 172 672 contra
186 620 363 687 ignavissumi
379 620 501 673 homines
515 637 565 688 per
581 636 716 674 summum
733 620 821 674 scelus
837 623 927 676 omnia

74 709 107 747 ea
123 695 202 748 sociis
218 695 349 764 adimere,
361 712 432 763 quae
445 695 596 749 fortissumi
608 694 660 748 viri
673 695 792 749 victores
803 696 926 750 hostibus

73 769 255 837 reliquerant;
277 771 393 840 proinde
411 771 489 839 quasi
509 770 638 840 injuriam
657 771 748 825 facero
763 770 797 825 ⁴id
815 772 924 826 demum

73 850 147 899 esset
158 847 272 914 imperio
283 848 331 901 uti.

127 927 165 975 13.
201 922 272 975 Nam
297 923 365 992 quid
388 939 422 978 ea
444 939 601 990 memorem,
627 940 698 992 quae
721 923 774 978 nisi
798 921 854 993 [iis]
878 925 924 992 qui

72 997 166 1053 videre
185 1000 286 1052 nemini
306 999 449 1053 credibilia
470 1002 541 1066 sunt,
563 1016 579 1052 a
599 999 716 1068 privatis
739 999 925 1067 compluribus

71 1073 216 1127 subvorsos
232 1077 341 1143 montis,
358 1076 444 1129 maria
460 1078 617 1128 constructa
633 1091 700 1130 esse.
737 1075 842 1140 Quibus
858 1075 924 1128 mihi

71 1149 199 1203 videntur
216 1150 335 1204 ludibrio
351 1151 435 1206 fuisse
452 1151 581 1216 divitiac;
600 1152 710 1221 quippe,
725 1168 794 1220 quas
809 1151 924 1206 honeste

70 1224 172 1280 habere
195 1227 303 1294 licebat,
328 1228 406 1282 abuti
429 1245 479 1296 per
503 1228 704 1296 turpitudinem
731 1227 923 1298 properabant.

71 1301 127 1355 Sed
148 1303 241 1355 lubido
260 1304 356 1371 stupri,
374 1321 478 1372 ganeae
496 1305 638 1372 ceterique
656 1304 746 1358 cultus
764 1321 817 1356 non
835 1305 924 1358 minor

69 1377 233 1442 incesserat;
254 1378 306 1431 viri
323 1379 467 1433 muliebria
484 1380 551 1449 pati,
570 1379 699 1433 mulieres
716 1379 877 1447 pudicitiam
894 1380 922 1435 in

69 1454 213 1520 propatulo
227 1453 344 1519 habere;
362 1455 491 1509 vescendi
503 1471 599 1508 caussa
611 1458 686 1507 terra
697 1455 821 1522 marique
831 1455 923 1509 omnia

69 1528 229 1595 exquirere;
247 1529 367 1583 dormire
378 1531 454 1599 prius
468 1546 549 1598 quam
562 1529 649 1582 somni
661 1529 762 1597 cupido
774 1533 855 1596 esset,
867 1547 921 1584 non

68 1603 167 1657 famem
186 1607 235 1657 ant
253 1604 334 1672 sitim,
352 1621 441 1674 nequo
457 1606 545 1673 frigus
562 1620 653 1672 neque
670 1604 859 1659 lassitudinem
877 1622 921 1675 op

68 1680 160 1748 periri,
170 1680 220 1733 sed
232 1697 264 1734 oa
276 1681 367 1735 omnia
375 1681 442 1735 luxu
451 1684 623 1747 antecapere.
649 1679 727 1734 Haec
734 1679 920 1749 juventutem,

68 1755 114 1809 ubi
126 1756 274 1811 familiares
286 1774 352 1826 opes
364 1757 532 1824 defecerant,
543 1756 579 1809 ad
591 1755 712 1810 facinora
723 1756 921 1822 incendebant;

67 1833 172 1885 animus
192 1832 315 1886 imbutus
335 1833 414 1886 malis
434 1832 541 1887 artibus
561 1832 635 1886 haud
654 1832 733 1886 facilc
752 1833 920 1887 lubidinibus

66 1908 191 1971 carebat;
218 1923 251 1962 eo
270 1909 409 1976 profusius
430 1909 557 1963 omnibus
577 1908 667 1962 modis
690 1908 817 1976 quaestui
835 1911 919 1978 atque

67 1985 188 2052 sumptui
201 1984 312 2039 deditus
325 1989 391 2040 erat.

121 2066 159 2113 14.
195 2061 229 2113 ln
246 2064 324 2115 tanta
342 2066 454 2131 tamque
473 2065 603 2130 corrupta
619 2061 731 2116 civitate
748 2059 871 2128 Catilina,
888 2061 918 2114 id

67 2137 140 2203 qnod
155 2136 230 2190 factu
245 2136 412 2190 facillumum
428 2141 496 2204 erat,
512 2138 633 2191 omnium
650 2135 818 2204 flagitiorum
834 2139 918 2204 atque

65 2211 215 2264 facinorum
224 2212 325 2266 circum
335 2229 364 2266 se
373 2215 516 2281 tamquam
526 2213 692 2281 stipatorum
702 2215 825 2266 catervas
836 2212 918 2266 habe-

65 2282 120 2340 bat.
156 2287 228 2340 Nam
240 2288 404 2358 quicumque
417 2287 578 2356 impudicus,
592 2289 710 2355 adulter,
721 2303 815 2356 ganeo,
827 2303 916 2362 manu,

65 2364 169 2431 ventre,
187 2380 257 2431 pene
278 2363 350 2418 bona
370 2364 462 2434 patria
482 2363 659 2431 laceraverat,
679 2364 782 2432 quique
800 2363 915 2417 alienum

65 2454 112 2492 aes
128 2439 234 2506 grande
249 2439 424 2507 conflaverat,
437 2455 493 2508 quo
511 2439 644 2507 flagitium
660 2443 708 2493 aut
724 2438 829 2492 facinus
846 2440 917 2492 redi·

65 2517 161 2582 meret,
176 2517 328 2584 'praeterea
349 2531 444 2568 omnes
464 2514 585 2582 undique
605 2515 765 2584 parricidae,
785 2513 916 2582 sacrilegi,
977 2542 991 2551 -

65 2590 181 2644 convicti
198 2590 312 2658 judiciis
333 2593 381 2644 aut
402 2606 452 2660 pro
472 2589 552 2644 factis
567 2590 703 2658 judicium
723 2590 859 2655 timentes,
879 2588 916 2642 ad

65 2664 117 2719 hoo
138 2682 206 2734 quos
231 2682 329 2719 manus
352 2669 436 2735 atque
459 2666 552 2735 lingua
572 2665 692 2735 perjurio
715 2666 764 2718 aut
785 2664 916 2731 sangnine

66 2741 139 2795 civili
159 2741 258 2808 alebat,
278 2744 417 2810 postremo
436 2758 536 2810 omncs,
555 2757 623 2810 quos
641 2739 780 2808 flagitium,
799 2742 915 2807 egestas,

65 2817 187 2875 conscius
205 2818 311 2871 animus
328 2817 494 2887 exagitabat,
504 2818 538 2882 ⁴hi
551 2816 685 2873 Catilinae
699 2815 826 2884 proxumi
839 2814 916 2869 fami-

65 2893 203 2962 liaresque
214 2897 299 2947 erant.
337 2894 440 2958 Quodsi
458 2894 520 2963 quis
538 2894 621 2948 etiam
639 2909 656 2947 a
672 2892 751 2960 culpa
768 2905 869 2943 vacuus
886 2890 915 2943 in

65 2969 213 3022 amicitiam
225 2969 285 3036 ejus
296 2969 437 3039 inciderat,
448 2970 607 3040 quotidiano
619 2986 671 3024 usu
681 2971 767 3035 atque
778 2964 916 3019 illecebris

65 3043 144 3099 facile
161 3060 212 3112 par
230 3045 377 3115 similisque
391 3047 492 3100 ceteris
505 3046 678 3112 efficiebatur.
715 3041 771 3096 Sed
786 3057 933 3117 maxume*

65 3119 282 3174 adulescentium
306 3121 512 3177 familiaritates
529 3121 707 3191 appetebat,
729 3126 836 3188 eorum
852 3115 949 3152 mm

64 3195 161 3250 molles
173 3200 203 3252 et
214 3200 309 3256 aetate
321 3198 392 3256 fluxi
404 3199 481 3255 dolis
492 3198 581 3254 baud
592 3192 753 3250 umentes
763 3170 975 3241 oaafflm·
