2070 3412
97 167 146 218 102
347 166 374 214 O.
393 163 566 214 SALLUSTI
583 163 698 214 ORISPI

91 245 254 315 sagittariis,
268 248 411 314 praeterea
422 244 542 299 cohortis
555 245 687 314 Ligurum
695 246 827 314 curabat3
844 249 950 317 primos

98 327 128 378 et
139 327 275 376 extremos
288 338 350 376 cum
362 320 498 389 expeditis
510 321 654 390 manipulis
665 322 792 378 tribunos
802 324 950 379 locaverat.

59 454 62 458 ,
100 399 233 465 Perfugae
243 397 361 450 minume
373 396 428 450 cari
440 400 470 450 et
481 397 621 464 regionum
634 398 815 452 scientissumi
827 398 949 453 hostium

98 475 153 528 iter
171 472 357 542 explorabant.
392 472 478 527 Simul
500 473 601 540 consul,
621 473 700 541 quasi
720 474 793 527 nullo
812 474 949 543 imposito,

99 550 189 604 omnia
204 548 357 617 providere,
373 549 447 618 apud
464 549 552 602 omnis
571 549 675 617 adesse,
689 549 802 603 laudare
816 552 848 604 ot
863 551 951 605 incre-

98 642 165 694 pare
179 624 316 679 merentis
353 626 419 694 Ipse
437 628 559 678 armatus
573 625 751 693 intentusque
766 625 835 680 item
847 626 951 680 milites

99 701 228 769 cogebat3
246 717 334 768 neque
350 717 427 755 secus
444 703 529 769 atque
547 700 601 753 iter
619 699 710 753 facere
725 702 816 754 eastra
834 701 962 770 munire,-

99 778 256 832 exeubitum
272 777 300 830 in
316 780 396 846 porta
412 775 533 830 cohortis
552 792 587 830 ex
605 774 764 843 legionibus,
782 792 833 844 pro
852 777 952 832 eastris

100 855 205 923 equites
217 853 373 906 auxiliarios
384 852 505 918 mittere,
516 854 661 920 praeterea
672 850 739 905 alios
754 868 836 920 super
848 852 952 906 vallum

99 930 128 982 in
148 926 324 982 munimentis
338 929 435 995 locare,
451 927 556 995 vigilias
575 927 634 996 ipse
653 926 804 995 circumire,
819 944 874 981 non
892 931 952 982 tam

100 1005 253 1058 diffidentia
268 1003 354 1057 futuri
372 1019 442 1071 quae
458 1003 647 1070 imperavisset
663 1019 744 1073 quam
759 1003 801 1057 uti
817 1003 952 1059 militibus

100 1084 267 1148 exaequatus
283 1095 349 1131 cunr
358 1079 523 1146 imperatore
538 1077 615 1132 labos
626 1077 781 1133 volentibus
796 1082 879 1133 esset.
913 1079 952 1134 Et

101 1172 165 1218 sane
177 1155 281 1208 Marius
292 1154 393 1223 illoque
405 1154 519 1222 aliisque
530 1153 700 1223 temporibus
712 1155 732 1208 J
733 1154 874 1222 ugurthini
885 1154 952 1209 belli

100 1231 205 1300 pudore
226 1231 312 1299 magis
331 1246 414 1299 qnam
433 1229 504 1282 malo
523 1230 674 1284 exereitum
695 1229 855 1295 coercebat;
876 1230 952 1299 quod

100 1307 180 1361 multi
192 1323 242 1375 per
253 1306 430 1360 ambitionem
443 1305 503 1358 fieri
515 1305 641 1371 aiebant3
659 1322 732 1376 pars,
745 1305 820 1375 quod
832 1322 849 1359 a
859 1307 952 1375 pueri·

100 1384 140 1437 tia
160 1385 316 1437 consuetam
337 1380 468 1434 duritiam
492 1383 521 1434 et
544 1381 604 1449 alia,
625 1398 696 1450 quae
719 1382 803 1436 ceteri
826 1382 952 1437 miserias

100 1461 204 1526 vocant,
215 1457 349 1527 voluptati
361 1456 516 1522 habuisset3
534 1457 587 1510 nisi
598 1460 691 1511 tamen
703 1457 870 1526 respublica
880 1458 952 1527 pari-

100 1538 145 1589 ter
155 1551 187 1588 ac
199 1534 363 1588 saevissumo
372 1533 485 1600 imperio
497 1533 567 1586 bene
579 1536 662 1600 atque
675 1533 775 1587 decore
784 1538 874 1602 gesta.

154 1617 210 1664 101.
230 1610 319 1676 Igitur
331 1613 428 1677 quarto
439 1608 556 1677 denique
568 1608 613 1662 die
625 1608 700 1662 haud
712 1609 791 1677 longe
803 1608 838 1664 ab
850 1608 952 1679 oppido

101 1686 178 1740 Cirta
197 1685 319 1753 undique
340 1683 419 1737 simul
440 1683 625 1752 speculatores
645 1684 694 1740 citi
714 1701 774 1740 sese
794 1686 951 1754 ostendunt,

101 1778 155 1830 qua
177 1778 208 1816 re
232 1760 318 1815 hostis
341 1761 437 1814 adesse
463 1760 640 1827 intellegitur.
685 1760 741 1816 Sed
763 1761 828 1830 qnia
849 1760 952 1816 divorsi

100 1837 248 1892 redeuntes
261 1836 329 1890 alius
343 1835 378 1889 ab
393 1836 447 1889 alia
459 1839 539 1904 parte
555 1839 640 1904 atque
653 1853 746 1892 omnes
761 1836 836 1892 idem
849 1837 952 1906 signifi-

101 1913 205 1980 cabant,
220 1912 313 1966 censul
329 1912 448 1965 incertus
464 1928 580 1980 quonam
596 1911 678 1966 modo
693 1912 779 1966 aciem
793 1912 952 1981 instrueret,

100 1988 174 2042 nullo
193 1987 289 2041 ordine
307 1990 482 2054 commutato,
501 1987 646 2041 advorsum
664 1988 754 2042 omnia
770 1991 884 2058 paratus
901 1987 952 2043 ibi-

101 2065 164 2117 dem
174 2063 321 2132 opperitur.
348 2063 849 2133 Italugurthamspesfnustmtaqui
859 2065 952 2134 copias

101 2140 129 2192 in
145 2142 275 2208 quattuor
290 2137 377 2206 partis
389 2138 568 2192 distribuerat
582 2141 660 2192 ratus
673 2156 708 2195 ex
722 2138 849 2194 omnibus
864 2156 952 2208 aeque

101 2216 204 2285 aliquos
216 2214 251 2269 ab
260 2217 339 2281 tergo
350 2212 475 2267 hostibus
487 2217 623 2268 venturos.
649 2215 765 2270 Interim
777 2215 859 2282 Sulla,
868 2232 951 2285 quem

100 2292 219 2361 primum
234 2291 327 2344 hostes
344 2289 502 2356 attigerant,
514 2289 671 2344 cohortatus
688 2307 750 2344 suos
765 2291 907 2345 turmatim
922 2294 953 2346 et

101 2384 184 2435 quam
198 2381 325 2420 maxume
337 2364 466 2419 confertis
478 2364 555 2432 equis
570 2366 629 2434 ipse
644 2365 743 2434 aliique
755 2365 867 2420 Mauros
878 2366 953 2421 inva-

102 2442 179 2509 dunt,
192 2441 278 2495 ceteri
293 2441 321 2493 in
336 2441 395 2494 loeo
408 2443 548 2494 manentes
564 2440 600 2494 ab
609 2440 709 2510 jaculis
725 2441 830 2495 eminus
844 2442 952 2497 emissis

101 2533 215 2586 corpora
226 2519 329 2583 tegere,
343 2519 372 2569 et
384 2515 408 2568 si
420 2516 467 2584 qui
479 2516 507 2569 in
519 2533 616 2570 manus
628 2520 772 2591 venerant,
779 2517 952 2573 obtruncare.

102 2593 175 2646 Dum
191 2607 224 2644 eo
240 2590 321 2643 modo
337 2591 444 2659 equites
462 2592 639 2660 proeliantur,
655 2592 780 2646 Bocchus
796 2609 859 2648 cum
873 2593 953 2662 pedi-

100 2668 182 2734 tibus,
195 2681 262 2736 quos
274 2665 366 2719 Volux
378 2666 449 2720 filius
465 2667 525 2735 ejus
541 2668 701 2735 adduxerat,
715 2684 803 2737 neque
818 2668 953 2737 inpriore

101 2760 193 2813 pugna
207 2743 235 2796 in
250 2741 350 2794 itinere
365 2743 464 2796 morati
480 2743 622 2809 affuerant,
634 2748 801 2814 postremam
816 2744 953 2800 Romano-

101 2836 162 2871 rum
175 2818 260 2872 aciem
272 2816 410 2871 invadunt.
446 2818 515 2871 Tum
527 2819 631 2872 Marius
642 2819 717 2888 apud
728 2820 830 2888 primos
842 2820 952 2890 agebat,

102 2895 176 2962 quod
195 2894 233 2947 ibi
249 2893 389 2961 «Iugurtha
407 2910 469 2947 cnm
487 2894 620 2962 plurumis
634 2898 701 2949 erat.
738 2895 808 2949 Dein
829 2896 954 2952 Numida

94 2970 205 3034 cognito
224 2968 328 3023 Bocchi
352 2968 474 3024 adventu
495 2969 565 3024 clam
585 2987 648 3025 eum
669 2970 762 3039 paucis
782 2972 819 3025 ad
841 2971 954 3040 pedites

78 3045 223 3098 convertit
229 3067 240 3111 ,·
256 3045 298 3102 ibi
317 3046 429 3117 Latine,
442 3063 511 3102 nam
523 3046 603 3118 apud
613 3046 883 3110 Numantiamioqvii
889 3046 962 3098 dida-

61 3120 154 3203 eeret,
172 3122 340 3181 exclamat:
363 3126 509 3183 “nostros
524 3125 639 3180 frustra
652 3134 800 3194 pugnatas
811 3116 897 3199 ΨΜ
910 3119 982 3167 im

43 3183 181 3248 Manum
206 3214 264 3254 sua
287 3217 385 3260 manu
412 3200 644 3267 incomestum?
677 3193 768 3252 &ml
789 3187 919 3257 pausum
935 3198 995 3237 m*
