2070 3412
93 152 136 200 '18
347 148 375 195 Ο,
394 146 567 196 SALLUSTI
585 147 702 196 CRISPI

96 225 331 282 commendationi
343 242 420 280 meae
432 225 536 280 tribuit.
572 227 753 292 Quamobrem
766 227 951 284 defensionem

102 305 130 356 in
151 319 220 356 novo
238 302 347 355 consilio
368 318 422 356 non
442 303 526 356 statui
546 318 660 371 parare;
685 303 897 358 satisfactionem
915 315 951 359 ex

102 379 177 432 nulla
190 378 354 432 conscientia
365 378 401 432 de
414 378 492 447 culpa
506 395 657 447 proponere
669 378 785 446 decrevi,
798 397 880 448 quam
897 397 952 435 me-

103 454 248 508 diusfidius
263 470 356 508 veram
371 454 436 507 licet
452 471 603 522 cognoscas.
641 454 753 523 Injuriis
769 457 951 510 contumeliis-

103 546 156 599 que
171 530 331 597 concitatus
345 530 420 598 quod
435 530 526 584 fructu
541 530 640 584 laboris
658 531 863 600 industriaeque
874 549 951 587 meae

102 607 225 674 privatus
251 609 354 660 statum
379 606 521 673 dignitatis
548 623 602 677 uon
626 607 790 674 obtinebam,
815 608 950 677 publicam

102 682 263 735 miserorum
279 698 402 735 caussam
416 699 465 750 pro
477 699 538 736 mea
550 684 746 738 consuetudine
759 685 881 753 suscepi;
897 702 950 738 non

102 759 167 826 quin
183 774 230 812 aes
247 758 364 812 alienum
378 759 447 812 meis
459 758 612 813 nominibus
624 776 658 813 ex
672 760 885 829 possessionibus
900 761 951 815 sol-

102 851 168 887 vere
178 850 293 903 possem,
303 851 387 903 quum
401 839 430 888 et
442 835 535 888 alienis
547 832 701 895 nominibus
713 835 862 890 liberalitas
870 836 951 890 Ores-

104 910 179 964 tillae
202 910 258 963 suis
279 910 406 977 filiaeque
426 911 510 979 copiis
534 911 710 979 persolveret,
733 912 782 966 sed
803 913 877 981 quod
897 930 950 967 non

104 985 201 1053 dignos
212 986 335 1040 homines
347 986 448 1039 honore
460 986 617 1040 honestatos
628 987 764 1055 videbam,
773 1005 872 1056 meque
883 989 951 1043 falsa

104 1061 256 1129 suspicione
267 1062 413 1114 alienatum
426 1078 486 1115 esse
499 1062 657 1115 sentiebam.
692 1064 753 1117 Hoc
765 1065 873 1118 nomine
885 1065 951 1119 satis

103 1137 231 1190 honestas
249 1153 298 1205 pro
316 1153 376 1190 meo
393 1153 458 1190 casu
473 1154 535 1206 spes
550 1138 672 1206 reliquae
688 1137 829 1207 diguitatis
845 1157 950 1194 conser-

104 1212 208 1268 vandae
228 1230 288 1266 sum
310 1216 448 1281 sequutus.
493 1214 576 1267 Plura
597 1231 690 1286 quum-
705 1216 823 1269 scribere
843 1216 949 1284 vellem,

103 1289 258 1342 nuntiatum
273 1293 316 1344 est
331 1289 386 1341 vim
402 1289 468 1342 mihi
484 1290 581 1356 parari.
618 1290 644 1342 N
645 1307 698 1344 unc
711 1291 867 1344 Orestillam
879 1308 951 1344 com-

104 1364 202 1418 meudo
220 1369 338 1433 tuaeque
358 1364 424 1418 fidei
444 1365 540 1430 trado;
565 1381 625 1419 eam
646 1366 681 1420 ab
702 1366 801 1435 injuria
820 1365 951 1421 defendas

103 1458 154 1511 per
166 1441 264 1495 liberos
276 1446 338 1495 tuos
349 1444 468 1509 rogatus.
505 1442 637 1495 Haveto.’‘

157 1523 197 1571 36.
233 1517 288 1570 Sed
303 1518 360 1585 ipse
374 1533 475 1586 paucos
488 1517 547 1570 dies
562 1522 744 1572 commoratus
758 1519 831 1587 apud
846 1519 875 1574 O.
889 1519 951 1573 Fla

103 1593 217 1646 minium
230 1593 258 1646 in
272 1609 337 1660 agro
351 1593 488 1659 Arretina,
502 1592 566 1645 dnm
578 1593 748 1648 vicinitatem
760 1599 841 1649 autea
856 1595 951 1648 sollici-

104 1671 190 1722 tatam
211 1669 293 1720 aruris
314 1671 436 1733 exornat,
456 1683 515 1721 cum
537 1668 657 1721 fascibus
676 1673 759 1737 atque
778 1669 837 1723 aliis
853 1670 950 1738 imperi

98 1742 253 1811 insignibus
270 1745 298 1796 in
314 1748 403 1796 eastra
419 1742 455 1795 ad
472 1742 602 1796 Manlium
621 1745 771 1798 contendit.
792 1745 886 1799 ¹Haec
903 1745 950 1799 ubi

105 1817 208 1872 Romae
226 1821 364 1886 comperta
385 1821 456 1886 sunt,
478 1823 588 1871 senatus
608 1819 753 1873 Catilina-m
772 1824 801 1874 et
819 1821 950 1874 Manlium

104 1893 190 1949 hostia
206 1893 321 1961 judicat,
343 1896 452 1946 ceterae
474 1893 644 1948 multitudini
665 1895 738 1948 diem
760 1896 866 1964 statuit,
888 1901 951 1952 ante

104 1987 186 2039 quam
207 1970 264 2023 sine
284 1968 380 2022 baudo
400 1969 496 2023 liceret
519 1969 553 2023 ab
574 1971 657 2024 armis
678 1972 819 2026 discedere
842 1978 951 2041 praeter

103 2063 194 2100 rerum
207 2044 363 2113 capitalium
376 2044 570 2101 condemnatis.
602 2047 749 2102 Praeterea
767 2048 896 2113 deceruit,
908 2049 951 2102 uti

103 2122 227 2176 eonsules
240 2121 375 2173 delectum
389 2120 515 2187 habeant,
527 2123 663 2176 Antonius
675 2140 736 2176 cum
749 2124 871 2178 exercitu
879 2124 952 2177 Cati·

102 2198 184 2251 linam
196 2196 323 2265 persequi
336 2201 463 2265 maturet,
477 2198 571 2251 Cicero
583 2199 645 2252 urbi
657 2200 793 2267 praesidio
806 2201 848 2252 sit.
946 2232 948 2237 <

156 2273 196 2326 Ea
210 2277 375 2342 tempestate
391 2273 456 2326 mihi
471 2273 615 2342 imperium
628 2275 720 2343 populi
735 2275 849 2327 Romani
864 2274 951 2328 multo

103 2367 230 2403 maxume
242 2348 395 2403 miserabile
408 2349 495 2402 visum
506 2353 564 2415 est;
582 2351 624 2404 cui
637 2367 719 2419 quum
731 2350 768 2402 ad
780 2366 903 2402 oceasum
916 2348 951 2402 ab

103 2429 167 2479 ortu
176 2425 239 2478 solis
247 2425 335 2477 omnia
343 2424 447 2482 domita
456 2426 539 2478 armis
548 2430 684 2494 parerent,
693 2425 766 2478 domi
776 2425 860 2477 otium
869 2429 952 2492 atque

104 2501 224 2568 divitiae,
242 2516 311 2568 quae
330 2500 418 2567 prima
435 2501 565 2554 mortales
584 2505 689 2569 putant,
708 2500 858 2565 affluerent,
875 2499 951 2554 fuere

103 2581 196 2630 tamen
214 2577 285 2628 cives
300 2575 348 2643 qui
363 2592 447 2643 seque
461 2593 575 2643 remque
588 2575 724 2645 publicam
739 2575 884 2629 obstinatis
899 2576 953 2628 ani-

103 2653 155 2705 mis
175 2651 315 2720 perditum
334 2651 413 2704 irent.
444 2651 580 2719 ,Namque
601 2651 707 2704 duobus
727 2652 814 2704 senati
835 2652 953 2704 decretis

104 2745 137 2781 ex
154 2730 234 2780 tauta
249 2726 426 2779 multitudine
443 2744 533 2794 neque
548 2728 671 2796 praemio
687 2727 815 2780 inductus
833 2728 954 2796 conjura

103 2805 206 2857 tionem
221 2802 389 2871 patefecerat
404 2819 492 2868 neque
505 2821 538 2856 ex
554 2804 651 2856 castris
664 2803 797 2856 Catilinae
810 2804 953 2872 quisquam

104 2880 223 2933 omnium
244 2879 423 2942 discesserat;
450 2883 528 2931 tanta
549 2879 588 2932 vis
609 2878 704 2948 morbi,
725 2879 766 2932 uti
787 2879 873 2946 tabes,
898 2879 952 2947 ple

105 2972 204 3022 rosque
216 2955 314 3008 civium
326 2955 428 3007 animos
440 2953 584 3009 invaserat.

138 3033 182 3082 37,
218 3030 322 3098 Neque
338 3031 428 3085 solum
446 3031 501 3086 illis
518 3032 610 3088 aliena
624 3049 704 3087 meus
720 3033 783 3086 erat
799 3032 850 3098 opii
863 3031 966 3082 conscii

64 3099 279 3161 0011J'111at1'0n1's
294 3107 420 3179 fueraut,
443 3111 495 3167 sed
517 3113 634 3168 omuino
653 3119 759 3167 cuncta
774 3107 879 3175 plebes
894 3117 981 3154 noua-

45 3177 113 3217 Wm
128 3187 233 3231 rerum
250 3185 357 3242 studio
372 3188 525 3250 Catilinae
540 3193 660 3262 incepta
674 3185 834 3262 probabat.
868 3176 914 3229 ld
922 3173 999 3226 adeo
