2070 3412
184 445 227 531 c.
271 404 801 538 snunusrr‘cnrsrr

345 597 646 684 errimus.

445 787 547 820 *4-

66 926 90 976 1.
125 919 220 974 Omns
237 916 369 987 homines,
386 919 433 988 qui
451 935 512 974 sese
527 917 642 973 student
658 919 801 987 praestare
818 917 919 974 ceteris

64 995 235 1060 animalibus,
243 1011 348 1048 summa
358 1011 410 1062 ope
417 995 469 1048 niti
478 994 566 1060 decet,
576 1011 611 1048 ne
620 995 704 1048 vitam
715 993 823 1047 silentio
830 997 919 1048 trans·

65 1075 131 1125 eant
139 1071 225 1125 veluti
233 1087 338 1138 pecora,
350 1087 421 1138 quae
429 1075 528 1124 natura
535 1087 622 1138 prona
629 1074 713 1138 atque
723 1070 812 1124 ventri
825 1069 919 1123 obedi-

64 1146 141 1200 entia
152 1145 240 1199 finxit.
277 1145 333 1200 Sed
347 1149 442 1199 nostra
457 1147 545 1199 omnis
557 1146 598 1199 ris
613 1146 640 1198 in
657 1147 747 1199 auimo
763 1149 792 1200 et
804 1162 919 1214 corpore

66 1221 120 1275 sita
131 1224 189 1287 est;
204 1220 288 1274 animi
301 1220 424 1289 imperio,
436 1221 557 1289 corporis
574 1221 687 1274 servitio
698 1223 786 1289 magis
800 1221 920 1287 utimur;

63 1296 183 1351 alterum
191 1295 271 1350 nobis
279 1313 341 1350 cum
353 1297 404 1364 dis,
413 1297 529 1350 alterum
539 1313 600 1350 cum
610 1295 699 1350 beluis
712 1313 854 1351 commune
866 1301 917 1351 est.

67 1372 127 1438 Quo
138 1372 205 1426 mihi
217 1373 320 1427 rectius
328 1373 439 1426 ridetur
450 1372 542 1439 ingeni
555 1389 637 1440 quam
646 1372 743 1425 virium
753 1373 850 1441 opibus
861 1373 920 1442 glo·

65 1449 134 1502 riam
150 1464 290 1518 quaerere,
304 1452 340 1514 et,
353 1447 480 1516 quoniam
492 1447 550 1501 rita
560 1447 621 1516 ipsa
633 1463 688 1515 qua
699 1447 816 1501 fruimur
827 1447 920 1502 brevis

66 1526 117 1590 est,
135 1524 292 1577 memoriam
313 1523 400 1576 nostri
422 1538 504 1590 quam
528 1538 655 1576 maxume
675 1522 784 1590 longam
805 1523 920 1579 efficere.

66 1599 138 1653 Nam
157 1599 313 1652 divitiarum
337 1601 367 1652 et
382 1599 487 1651 formae
508 1597 595 1665 gloria
613 1597 688 1651 fluxa
711 1602 795 1666 atque
814 1601 920 1668 fragilis

13 1690 17 1696 “
66 1673 140 1744 [est],
149 1675 237 1727 virtus
248 1674 322 1727 clara
333 1677 500 1742 aeternaque
512 1673 637 1728 habetur.
663 1673 719 1728 Sed
732 1675 780 1727 diu
791 1691 918 1743 magnum

66 1750 140 1803 inter
157 1748 280 1803 mortalis
299 1753 439 1802 certamen
457 1749 519 1818 fuit,
537 1750 599 1803 vine
620 1749 741 1819 corporis
762 1767 798 1804 an
816 1752 919 1805 virtute

66 1826 150 1879 animi
168 1842 213 1878 res
231 1825 357 1878 militaris
378 1825 467 1892 magis
490 1825 661 1893 procederet.
698 1825 771 1879 Nam
794 1829 823 1880 et
843 1827 921 1895 prius

66 1917 148 1970 quam
160 1900 280 1968 incipias,
293 1900 425 1967 consulto,
438 1904 475 1966 et,
488 1900 535 1954 ubi
544 1901 718 1970 consulueris,
730 1906 838 1957 mature
846 1903 920 1956 facto

67 1991 136 2044 opus
148 1980 196 2030 est.
235 1976 281 2029 Ita
296 1979 445 2044 utrumque
461 1992 511 2044 per
523 1992 553 2030 se
569 1977 702 2045 indigens,
718 1978 836 2032 alterum
852 1979 921 2032 alte

67 2051 125 2104 rius
137 2051 237 2105 auxilio
250 2054 320 2118 eget.

120 2134 144 2181 2.
179 2127 270 2194 Igitur
285 2126 364 2183 initio
380 2143 467 2193 reges,
485 2144 547 2180 nam
564 2127 593 2179 in
609 2127 692 2180 terris
706 2144 805 2182 nomen
821 2130 921 2199 imperi

67 2201 97 2256 id
108 2202 225 2271 primum
237 2202 298 2266 fuit,
312 2202 414 2254 divorsi
430 2218 493 2270 pars
505 2203 652 2270 ingenium,
668 2202 714 2255 alii
730 2219 828 2271 corpus
844 2222 922 2260 exer-

67 2277 181 2343 cebant;
199 2277 343 2331 etiamtum
355 2278 412 2332 vita
427 2277 567 2331 hominum
586 2277 645 2331 sine
661 2278 813 2346 cupiditate
834 2282 921 2348 agita-

67 2351 157 2421 batur,
170 2368 220 2407 sua
231 2352 331 2423 cuique
343 2354 409 2407 satis
420 2353 573 2422 placebant.
610 2353 710 2407 Postea
721 2370 787 2407 vero
799 2371 882 2422 quam
893 2357 920 2410 in

68 2429 136 2482 Asia
160 2429 255 2497 Cyrus,
274 2429 302 2481 in
322 2429 433 2482 Graecia
458 2428 668 2482 Lacedaemonii
686 2432 716 2483 et
738 2429 921 2486 Athenienses

67 2519 183 2573 coepere
194 2504 271 2558 urbis
282 2507 365 2571 atque
377 2504 501 2557 nationes
519 2505 653 2573 subigere,
668 2506 819 2561 lubidinem
836 2509 922 2561 domi-

67 2581 151 2634 nandi
160 2595 284 2634 caussam
293 2578 359 2633 belli
370 2579 480 2647 habere,
493 2597 648 2634 maxumam
661 2581 776 2648 gloriam
789 2583 817 2636 in
829 2600 922 2638 maxu-

67 2672 112 2709 mo
123 2656 239 2725 imperio
252 2658 358 2724 putare,
374 2660 433 2709 tum
446 2655 557 2710 demum
569 2656 691 2725 periculo
705 2660 790 2724 atque
804 2661 921 2726 negotiis

67 2736 237 2802 compertum
246 2735 289 2784 est
299 2732 326 2784 in
335 2730 408 2785 bello
417 2732 572 2800 plurumum
582 2732 720 2800 ingenium
729 2749 816 2800 pcssc.
841 2735 921 2798 Quod

68 2808 92 2861 si
103 2825 199 2877 regum
211 2810 296 2877 atque
308 2807 505 2876 imperatorum
518 2809 601 2860 animi
613 2809 701 2862 virtus
719 2808 748 2860 in
759 2816 826 2876 paee
838 2809 878 2863 ita
890 2814 922 2864 ut

67 2883 184 2938 inbelle
200 2885 312 2950 valeret,
326 2883 495 2954 aequabilius
512 2887 597 2952 atque
613 2884 784 2939 constantius
802 2902 862 2939 sese
876 2903 921 2940 res

67 2957 202 3014 humanae
214 2961 355 3029 haberent,
369 2977 460 3029 neque
472 2960 549 3013 aliud
565 2961 618 3013 alio
635 2961 704 3014 ferri
718 2963 937 3034 suessanum}

67 3049 100 3088 ac
116 3035 224 3090 misceri
242 3037 332 3090 emnia
349 3052 490 3092 cerneres.
521 3036 605 3090 llam
622 3034 787 3100 intuentum
802 3028 897 3077 tenne
902 3024 965 3099 xxxa,

63 3111 171 3165 artibus
184 3113 331 3184 retinetur,
345 3115 455 3186 quibus
464 3113 552 3170 initis
566 3114 694 3182 nautum
703 3107 765 3159 est.
791 3097 823 3146 Ἴ
832 3083 965 3142 mm&
