2070 3412
387 165 392 173 ·
447 139 653 190 JUGURTHA.
943 145 970 191 41

126 221 210 274 simus
218 220 246 274 in
263 224 355 280 rostra
366 236 448 274 manu
464 226 515 286 est,
531 227 625 290 patres
639 221 793 290 conscripti.
830 221 914 276 Pater
925 239 974 276 nos

125 297 195 352 duos
205 297 306 352 fratres
318 297 443 365 reliquit3
457 298 570 352 tertium
583 298 600 350 J
603 297 748 366 ugurtham
765 296 902 351 beneficiis
918 299 974 352 suis

124 378 200 428 ratus
212 378 255 428 est
269 373 443 442 conjunctum
460 374 537 427 nobis
552 374 619 427 fore.
656 373 738 426 Alter
752 389 845 426 eorum
861 377 974 427 necatus

124 454 174 516 est,
193 450 306 503 alterius
326 449 385 518 ipsc
406 466 456 518 ego
477 466 573 502 manus
590 449 689 518 impias
701 445 755 501 'vix
774 448 864 516 effugi.
901 449 973 513 Quid

123 543 209 594 agam,
231 529 279 578 aut
298 541 352 594 quo
369 525 548 594 potissumum
566 524 660 578 infelix
679 523 821 593 secedenti
857 523 973 578 Generis

123 600 260 671 praesidia
271 601 361 654 omnia
376 601 512 654 exstincta
523 604 602 665 sunt;
620 604 706 669 pater,
719 600 761 653 uti
777 616 888 653 necesse
905 605 972 662 erat,

30 672 33 678 ’
123 681 236 730 naturae
252 676 403 741 concessit;
415 677 503 743 fratri,
516 693 597 745 quem
613 676 733 729 minume
749 674 850 742 decuit,
864 676 973 744 propiu-

122 769 192 821 quus
209 769 259 820 per
278 751 365 806 scelus
383 752 468 806 vitam
487 751 604 821 eripuit3
623 751 718 817 affinis,
736 750 844 818 amicos,
862 752 973 819 propin-

121 845 189 896 quos
201 832 307 882 ceteros
323 843 398 882 meos
410 828 494 881 alium
512 829 565 882 alia
576 827 669 881 clades
684 826 835 896 oppressit;
851 828 925 897 capti
937 828 972 881 ab

121 904 140 956 J
142 904 261 972 ugurtha
272 920 336 972 pars
351 904 378 956 iu
389 920 497 957 crucem
514 904 576 970 acti,
594 919 659 973 pars
675 902 770 956 bestiis
782 901 882 970 objecti
896 908 973 967 sunt;

120 979 206 1048 pauci,
223 980 322 1047 quibus
340 979 436 1034 relicta
453 984 498 1034 est
512 980 607 1043 anima,
625 979 710 1032 clausi
723 979 750 1031 iu
769 978 892 1032 tenebris
910 995 971 1032 cum

120 1071 243 1109 moerore
260 1059 290 1108 ct
308 1055 384 1109 luctu
401 1059 490 1108 morte
511 1055 665 1122 graviorem
686 1054 771 1108 vitam
790 1054 910 1122 exigunt.
943 1056 971 1110 si

120 1132 218 1197 omnia,
234 1147 305 1200 quae
320 1134 368 1185 ant
383 1131 460 1185 amisi
478 1136 527 1186 aut
542 1148 576 1184 ex
591 1130 751 1184 necessariis
768 1130 884 1184 advorsa
899 1130 972 1185 facta

120 1211 190 1272 sunt,
208 1206 352 1260 incolumia
367 1211 517 1274 manerent,
532 1211 632 1274 tamem
651 1206 673 1258 si
689 1205 757 1274 quid
775 1222 809 1259 ex
825 1207 970 1275 improviso

119 1282 182 1335 mali
199 1281 352 1349 accidisset,
367 1298 414 1335 vos
430 1283 611 1350 implorarem,
629 1284 723 1350 patres
741 1281 894 1350 conscripti,
913 1284 972 1350 qu'-

119 1356 171 1410 bus
182 1373 232 1425 pro
246 1357 435 1425 magnitudine
447 1357 544 1425 imperi
556 1357 604 1425 jus
617 1360 647 1410 et
660 1356 775 1425 injurias
791 1358 878 1410 omnis
890 1374 971 1412 curae

119 1449 180 1486 esse
196 1432 283 1486 dccet.
318 1432 345 1486 N
346 1448 399 1486 unc
410 1448 475 1486 vero
489 1432 565 1485 exsul
582 1431 678 1500 patria,
691 1430 779 1498 domo,
796 1432 869 1485 solus
887 1438 970 1500 atque

119 1508 238 1562 omnium
262 1508 439 1562 honestarum
462 1523 554 1560 rerum
578 1523 668 1575 egens,
692 1523 745 1574 quo
771 1506 899 1560 accedam
922 1512 970 1562 aut

119 1599 187 1651 quos
198 1582 352 1653 appelleml
367 1583 526 1637 nationesne
538 1599 573 1636 an
590 1598 677 1649 reges,
687 1581 734 1651 qui
746 1598 841 1636 onmes
852 1583 969 1638 familiae

119 1663 228 1713 nostrae
248 1659 283 1716 ob
303 1663 422 1713 vostram
443 1659 590 1712 amicitiam
609 1658 701 1711 infesti
721 1659 803 1712 suntl
840 1659 886 1711 An
906 1676 969 1728 quo

118 1751 200 1802 quam
212 1735 278 1789 mihi
290 1735 367 1790 adire
379 1735 443 1790 licet
455 1734 501 1788 ubi
514 1750 568 1788 non
579 1733 847 1802 majorummeorum
859 1733 969 1790 hostilia

117 1816 293 1866 monumenta
305 1811 431 1880 pluruma
443 1811 515 1864 sinti
532 1813 581 1864 aut
592 1809 736 1878 quisquam
748 1809 834 1864 nostri
846 1810 969 1865 misereri

88 1891 216 1956 -potest,
244 1888 290 1958 qui
317 1887 473 1956 aliquando·
487 1886 565 1940 vobis
592 1885 680 1939 hostis
709 1884 780 1949 fuiti
826 1885 969 1941 Postremo

117 1963 263 2019 Masinissa
279 1981 328 2018 nos
348 1964 388 2018 ita
405 1963 532 2031 instituit,
550 1965 644 2030 patres
661 1961 816 2031 conscripti,
834 1978 868 2016 ne
886 1979 967 2032 quem

117 2032 266 2094 coleremus
290 2040 342 2094 nisi
363 2038 494 2110 populum
516 2038 677 2106 Romanum,
702 2053 737 2091 ne
756 2038 909 2106 societates,
932 2056 968 2094 ne

116 2115 228 2171 foedera
239 2133 309 2170 nova
324 2117 523 2185 acciperemus;
539 2113 647 2168 abundo
659 2129 758 2182 magna
769 2113 908 2183 praesidia
920 2131 967 2168 no

116 2191 199 2261 bisin
217 2195 308 2247 vostra
320 2193 439 2246 amicitia
454 2191 528 2256 fore3
542 2191 565 2243 si
577 2190 640 2243 huic
656 2189 771 2258 imperio
785 2189 896 2243 fortuna
909 2207 967 2243 mn-

116 2271 231 2336 taretur,
254 2285 308 2322 una
328 2266 506 2322 occidendum
530 2264 608 2318 nobis
628 2281 698 2318 csse.
735 2264 848 2318 Virtute
869 2282 901 2320 ac
923 2266 967 2320 dis

117 2343 270 2396 volentibus
287 2343 378 2410 magni
398 2343 463 2395 estis
481 2346 510 2394 et
529 2339 666 2409 opulenti;
693 2340 784 2392 omnia
801 2341 920 2396 secunda
938 2346 966 2397 ot

116 2418 273 2471 obedientia
290 2422 368 2482 sunt;
387 2434 440 2486 quo
461 2416 566 2471 facilius
585 2415 719 2469 sociorum
737 2415 852 2483 injurias
870 2435 966 2472 curare

116 2494 188 2548 licet.
223 2493 340 2546 Tantum
357 2493 426 2547 illud
449 2509 553 2559 vereor,
571 2507 606 2544 ne
629 2507 697 2559 quos
715 2493 821 2560 privata
846 2494 967 2547 amicitia

115 2569 271 2638 lugurthae
289 2585 385 2637 parum
410 2569 517 2636 cognita
535 2572 707 2621 transvorsos
725 2573 797 2634 agat,
822 2585 890 2636 quos
916 2585 967 2637 ego

115 2645 197 2699 audio
214 2661 342 2700 maxuma
359 2662 411 2714 ope
428 2645 487 2711 niti,
505 2643 618 2709 ambire,
636 2642 754 2710 fatigare
772 2660 819 2696 vos
838 2644 966 2712 singulos,

115 2739 149 2776 ne
163 2721 231 2791 quid
245 2721 280 2774 de
298 2720 413 2773 absente
430 2720 568 2787 incognita
585 2720 681 2772 caussa
698 2720 842 2784 statuatis3
860 2721 966 2788 fingere

115 2816 159 2853 me
173 2798 257 2851 verba
271 2801 300 2850 et
316 2797 408 2864 fugam
425 2796 560 2863 simulare,
576 2796 619 2849 cui
636 2795 745 2848 licuerit
764 2795 790 2847 iu
808 2813 893 2863 regno
910 2813 966 2849 ma-

114 2892 187 2929 nere.
225 2872 304 2937 Quod
321 2873 426 2925 utinam
442 2872 525 2937 illum,
545 2871 623 2940 cujus
636 2871 718 2939 impio
736 2869 854 2924 facinore
871 2873 898 2925 iu
916 2871 965 2925 hos

114 2949 238 3005 miserias
249 2947 389 3017 projectus
398 2964 465 3014 sum,
477 2947 575 3001 eadem
583 2947 652 3000 haec
663 2945 852 2998 simulantem
856 2945 992 3013 ducem,

111 3032 142 3081 ct
158 3023 306 3094 aliquando
324 3029 374 3081 aut
393 3025 472 3099 apud
489 3043 543 3080 uos
562 3027 616 3080 aut
635 3021 721 3094 apud
740 3019 816 3070 deos
829 3006 1033 3108 iponem&

100 3117 193 3156 rerum
212 3101 404 3162 humanarum
423 3123 497 3163 eura
516 3104 707 3166 oriatur·,ne
721 3094 791 3154 ute,
806 3100 864 3154 <xm
874 3086 961 3162 iffi
973 3083 1033 3178 {Q

88 3174 198 3235 loribus
216 3179 278 3233 suis
300 3182 385 3241 ferox
404 3190 500 3258 atslus
520 3180 708 3257 praeclarus
727 3172 791 3229 eet„
809 3148 960 3211 mmm
