2070 3412
321 140 327 146 ·
402 125 610 176 renueras.
844 150 847 155 .
893 130 932 176 ,5

85 205 283 273 compositum,
299 208 385 276 magis
400 224 483 277 opere
497 224 579 276 quam
599 211 698 262 natura
716 208 851 261 munitum
866 211 932 271 erat,

74 282 184 335 nullius
207 281 321 335 idoneae
345 284 384 336 rei
408 301 498 352 egens,
523 285 605 338 armis
625 285 745 362 virisque
766 284 931 354 opulentum.

87 358 177 426 Igitur
194 358 325 412 Metellus
342 377 392 429 pro
409 364 533 430 tempore
551 365 635 428 atque
652 360 711 416 loco
729 361 833 430 parutis
850 359 933 413 rebus

85 439 182 487 cuncta
195 433 300 487 moenia
315 437 436 490 exercitu
451 438 635 503 circumvenit,
648 437 746 505 legatis
757 438 874 505 imperat
885 436 931 489 ubi

85 511 198 578 quisque
213 514 330 564 curaret.
362 512 469 564 Deinde
484 513 561 580 signo
573 512 639 566 dato
651 513 771 581 undiquc
785 511 865 565 simul
873 512 930 565 ‘ela-

84 602 144 643 mor
158 586 253 653 ingens
265 587 361 654 oritur,
370 605 458 656 neque
470 605 504 641 ca
515 605 560 641 res
573 588 707 642 Numidas
718 592 820 652 terret;
837 587 931 640 infensi

84 660 237 730 intentique
261 663 320 716 sine
343 663 461 717 tumultu
485 669 611 728 maneut;
641 663 774 733 proelium
797 662 930 731 incipitur.

85 736 207 805 Romani,
227 756 278 808 pro
296 739 404 808 ingenio
423 740 544 808 quisque,
564 756 628 808 pars
648 739 752 793 eminus
770 737 869 807 glande
885 749 931 789 aut

84 812 221 883 lapidibus
232 833 362 884 pugnare,
380 815 426 869 alii
441 816 586 869 succedero
598 832 629 870 ac
642 832 749 868 murum
762 814 843 868 modo
855 813 930 866 suffo-

84 888 159 958 dere,
171 892 251 944 modo
268 892 345 945 scalis
361 891 482 960 aggredi,
498 908 597 960 cupere
616 891 750 960 proelium
765 891 793 943 in
809 888 932 942 manibus

84 965 181 1020 faeere.
217 967 318 1020 Contra
336 985 369 1022 ea
387 969 517 1038 oppidani
531 970 558 1020 in
573 982 720 1037 proxumos
737 982 803 1019 saxa
817 964 932 1031 volvero,

84 1042 166 1106 sudis,
179 1043 242 1112 pila,
254 1048 399 1112 praeterea
410 1045 498 1113 picem
512 1047 541 1097 et
554 1042 683 1111 sulphure
695 1041 805 1096 taedam
818 1041 931 1094 mixtam

83 1118 191 1170 ardenti
204 1120 321 1172 mittere.
358 1120 415 1174 Sed
430 1137 465 1174 ne
481 1119 541 1172 illos
557 1119 668 1188 quidem
684 1119 731 1186 qui
747 1117 841 1187 procul
857 1133 932 1168 man-

83 1199 175 1246 serant
184 1194 265 1246 timor
274 1194 355 1248 animi
365 1195 431 1249 satis
441 1196 606 1257 muniverat;
619 1211 682 1248 narn
691 1194 835 1264 plerosque
840 1193 932 1261 jacula

75 1270 227 1322 ,tormentis
247 1276 295 1323 aut
313 1288 395 1325 mann
415 1273 514 1325 emissa
529 1271 713 1337 volnerabant,
731 1271 844 1340 parique
862 1268 932 1337 peri-

83 1344 153 1408 culo,
167 1344 217 1398 sed
228 1345 301 1398 fama
312 1346 410 1414 impari
422 1347 486 1400 boni
498 1352 580 1414 atquc
592 1347 682 1413 ignavi
695 1351 781 1400 erant.

136 1426 177 1473 58.
202 1421 273 1473 Dum
286 1422 360 1489 apud
373 1423 482 1476 Zamam
495 1423 533 1475 sic
546 1426 673 1487 certatur,
686 1421 704 1473 J
706 1421 824 1489 ugurtha
836 1438 868 1474 ex
882 1422 931 1477 im-

75 1497 192 1565 proviso
211 1499 301 1549 eastra
320 1496 438 1551 hostium
458 1514 518 1551 eum
537 1513 635 1564 magna
652 1514 735 1551 manu
752 1497 869 1560 invadit;
890 1515 931 1551 re

84 1572 174 1624 missis
192 1572 238 1639 qui
264 1573 291 1625 in
317 1574 455 1642 praesidio
475 1578 561 1643 erant,
588 1577 616 1627 et
640 1574 730 1626 omnia
747 1574 832 1640 magis
849 1591 930 1641 quam

83 1648 215 1716 proelium
235 1650 464 1717 exspectantibus,
484 1653 592 1719 portam
610 1650 744 1717 irrumpit.
786 1652 827 1702 nt
845 1654 906 1703 nost
922 1651 929 1663 ’

83 1725 226 1793 repentino
244 1729 320 1779 metu
337 1726 454 1794 perculsi
472 1725 522 1779 sibi
540 1727 654 1794 quisque
671 1743 721 1795 pro
737 1725 857 1779 moribus
869 1742 931 1781 con-

77 1800 190 1866 sulunt3
203 1802 247 1854 alii
258 1802 360 1870 fugere,
368 1801 412 1855 alii
421 1818 497 1855 arma
507 1818 611 1870 capere,
621 1818 719 1868 magna
728 1818 791 1869 pars
799 1801 931 1854 volnerati

83 1880 132 1930 ant
147 1878 235 1931 occisi.
272 1878 401 1931 Ceterum
418 1894 451 1930 ex
467 1879 538 1930 omni
554 1877 730 1931 multitudine
746 1894 798 1930 non
815 1877 931 1945 amplius

83 1953 273 2021 quadraginta,
299 1970 432 2007 memores
456 1953 571 2006 nominis
599 1953 723 2020 Romani,
749 1969 833 2020 grege
859 1952 930 2005 facto

84 2029 171 2081 locum
192 2046 290 2098 cepero
313 2029 394 2098 paulo
413 2046 494 2096 qnam
513 2029 559 2082 alii
583 2029 735 2094 editiorem,
755 2044 843 2096 neque
866 2027 930 2081 inde

84 2121 211 2158 maxuma
230 2106 257 2158 vi
277 2105 377 2174 depelli
396 2106 550 2172 quiverunt,
570 2105 620 2157 sed
643 2105 699 2158 tela
722 2105 826 2158 eminus
849 2104 931 2156 missa

84 2181 234 2247 remittere,
250 2182 329 2249 pauci
348 2180 376 2232 iu
397 2180 520 2249 pluribus
539 2181 628 2233 minus
648 2179 788 2243 frustrati3
813 2179 853 2232 sin
873 2179 898 2231 N
902 2197 931 2232 u-

84 2255 175 2309 midae
191 2257 303 2324 propius
319 2257 503 2322 accessissent,
516 2255 554 2308 ibi
567 2273 630 2308 vero
643 2256 774 2309 virtutem
787 2253 931 2308 ostendero

85 2335 114 2386 et
133 2348 179 2385 eos
194 2348 320 2384 maxuma
334 2332 360 2384 vi
379 2332 501 2398 caedere,
518 2331 634 2384 fundere
650 2335 733 2399 atque
746 2331 850 2399 fugare.
886 2331 931 2384 In-

84 2408 166 2462 terim
183 2408 311 2461 Metellus
330 2425 414 2476 quum
433 2424 574 2461 acerrumo
587 2424 645 2460 rem
657 2412 773 2475 gereret,
785 2407 930 2461 clamorem

84 2483 210 2537 hostilem
226 2483 261 2536 ab
277 2487 356 2551 tergo
372 2484 491 2552 accepit3
509 2483 573 2536 dein
586 2499 714 2535 convorso
730 2499 799 2550 equo
812 2483 931 2536 aninmd-

84 2560 168 2613 vortit
192 2560 283 2626 fugam
301 2559 343 2612 ad
364 2576 393 2612 se
413 2575 520 2612 vorsum
546 2559 612 2623 fieri,
632 2575 703 2626 qnae
727 2576 771 2612 res
795 2559 931 2612 indicabat

83 2635 221 2703 popularis
234 2651 299 2688 esse.
334 2635 424 2702 Igitur
438 2635 590 2703 equitatum
603 2650 709 2687 omnem
721 2635 757 2687 ad
770 2639 858 2688 eastra
869 2651 932 2701 pro-

84 2727 150 2779 pere
159 2711 240 2779 misit,
248 2727 279 2764 ac
287 2711 380 2764 statim
393 2711 422 2764 0.
432 2711 548 2763 Marium
559 2726 619 2762 curn
628 2708 784 2762 cohortibus
792 2711 932 2776 sociorum,

28 2788 35 2799 '
84 2803 201 2856 eumque
217 2788 369 2841 lacrumans
385 2803 435 2856 per
448 2787 591 2840 anricitiam
607 2800 713 2854 perque
725 2801 783 2837 rem
797 2786 940 2853 publicam

84 2862 216 2929 obsecrat,
235 2879 270 2915 ne
289 2879 371 2931 quam
391 2863 580 2916 contumeliam
602 2877 742 2915 remanere
761 2860 789 2912 in
809 2861 932 2914 exercitu

84 2938 193 3004 victore,
206 2955 274 2992 nere
286 2938 373 2992 hostis
386 2938 485 2992 inultos
497 2939 573 2993 abire
585 2937 669 2991 sinat.
701 2937 759 2988 uls
767 2936 856 2984 tuem
863 2948 947 3004 W·

83 3014 148 3069 data
167 3014 256 3069 efficit.
296 3018 338 3071 At
362 3014 509 3087 Jugurtba
528 3015 713 3068 munimento
736 3010 905 3059 cumrerum
915 3005 997 3101 {Q

69 3091 193 3160 peditus,
207 3110 296 3162 quum
310 3094 361 3150 alii
374 3112 462 3166 super
478 3092 595 3148 uallum
605 3072 930 3159 praeew'fflffim*³“
953 3115 961 3126 ·

63 3170 207 3236 angustiis
219 3171 278 3242 ipsi
291 3173 353 3230 sibi
367 3173 578 3246 propomam
595 3137 898 3229 qffiwffis,‚mmuxs
