2070 3412
340 147 344 152 =
418 133 625 183 Jueunnuu.
721 119 723 123 ’
915 141 947 187 aa

98 215 183 284 legati
199 215 330 269 subdolus
342 215 402 283 ejus
416 232 516 282 augere
532 216 686 283 amentiam,
698 216 834 276 missitare
846 217 947 286 suppli-

98 293 185 347 cantis
202 290 316 359 legatos,
333 290 392 359 ipse
408 293 485 360 quasi
502 291 668 345 vitabundus
685 307 735 360 per
754 291 872 345 saltuosa
889 293 947 346 loea

98 373 127 422 et
147 367 273 420 tramites
297 368 446 433 exereitum
468 368 588 421 ductare.
628 367 753 436 Denique
774 368 877 421 Aulum
898 385 947 438 spe

97 443 231 515 pactionis
242 444 370 512 perpulit
379 443 419 496 uti
432 443 527 496 relicto
536 443 652 498 Suthule
664 444 693 497 in
701 443 810 498 abditas
821 444 947 512 regiones

98 537 158 574 sese
168 519 254 572 veluti
265 519 408 572 cedentem
420 519 625 587 insequeretur3
641 521 682 573 ita
691 520 792 574 delicta
801 520 947 575 occultiora

96 597 163 650 fore.
198 595 308 649 Interea
328 612 377 663 per
392 595 513 649 homines
530 595 641 649 callidos
658 596 704 649 die
720 600 856 666 noctuque
871 613 947 651 exer-

41 691 45 698 ’
97 674 181 726 citum
194 671 362 740 temptabat3
381 672 554 725 centuriones
566 672 704 741 ducesque
716 675 876 740 turmarum,
887 690 947 742 par·

97 750 147 802 tim
160 749 202 802 uti
213 749 416 816 transfugerent
428 764 610 816 eorrumpere,
623 747 669 801 alii
686 749 762 816 signo
777 749 842 802 dato
857 749 946 803 locum

96 826 137 878 uti
154 823 319 878 desererent.
357 825 433 888 Quae
448 827 594 893 postquam
615 841 649 878 ex
671 825 807 879 sententia
827 826 946 894 instruit,

96 901 262 969 intempesta
276 904 356 954 nocte
369 901 404 954 de
416 901 561 970 improviso
575 900 752 955 multitudine
765 901 946 956 Numidarum

98 978 163 1031 Auli
183 981 271 1031 eastra
290 978 473 1031 circumvenit.
509 977 613 1031 Milites
631 978 752 1044 Romani,
769 978 887 1047 perculsi
903 983 946 1033 tu-

96 1055 185 1108 multu
199 1054 314 1121 insolito,
327 1070 403 1107 arma
415 1071 512 1122 capere
524 1054 577 1121 alii,
591 1055 636 1107 alii
652 1071 681 1107 se
693 1053 802 1120 abdere,
813 1071 878 1124 pars
889 1056 946 1108 ter-

95 1131 164 1184 ritos
185 1132 353 1198 confirmare,
374 1130 515 1199 trepidare
535 1130 659 1184 omnibus
680 1129 760 1195 loeis3
785 1130 827 1184 vis
847 1146 945 1197 magna

96 1207 223 1273 hostium,
236 1207 338 1260 eoelum
355 1210 435 1260 noete
449 1210 533 1274 atque
548 1206 666 1259 nubibus
679 1205 861 1272 obscuratum,
874 1208 945 1275 peri-

96 1282 187 1337 eulum
203 1299 315 1351 anceps;
333 1286 472 1351 postremo
488 1283 583 1349 fugere
598 1298 632 1334 an
647 1297 756 1334 manere
771 1281 859 1334 tutius
873 1284 944 1335 foret

94 1359 123 1412 in
142 1359 247 1412 incerto
266 1361 334 1412 erat.
371 1356 426 1410 Sed
445 1374 479 1410 ex
500 1374 532 1410 eo
551 1373 672 1422 numero,
693 1373 761 1423 quos
781 1357 862 1425 paulo
880 1363 944 1411 ante

95 1439 237 1501 corruptos
261 1434 386 1500 diximus,
407 1433 502 1487 cohors
525 1449 580 1486 una
603 1433 734 1500 Ligurum
755 1449 816 1486 eum
837 1433 943 1486 duabus

94 1511 193 1562 turmis
209 1509 344 1562 Thracum
359 1513 388 1563 et
403 1509 496 1578 paucis
512 1509 644 1576 gregariis
662 1507 794 1561 militibus
810 1508 943 1562 transiero

94 1585 130 1638 ad
154 1602 255 1652 regem,
274 1588 304 1639 et
324 1585 447 1639 centurio
467 1584 549 1652 primi
569 1585 616 1652 pili
637 1584 737 1638 tertiae
760 1584 873 1652 legionis
893 1585 943 1654 pe'r

93 1661 280 1727 munitionem,
293 1677 374 1728 quam
386 1660 428 1713 nti
443 1659 605 1713 defenderet
617 1663 767 1729 acceperat,
779 1661 868 1715 locum
882 1662 942 1716 ho's-

93 1737 167 1790 tibus
184 1736 340 1789 introeundi
355 1735 441 1804 dedit,
454 1751 540 1803 eaque
556 1736 693 1790 Numidae
710 1738 798 1790 cuncti
810 1737 940 1806 irrupere.

93 1813 188 1876 Nostri
208 1812 289 1866 foeda
307 1813 379 1880 iuga,
396 1812 520 1881 plerique
538 1811 656 1880 abjectis
672 1813 762 1880 armis,
779 1830 940 1882 proxumum

93 1890 188 1942 collem
201 1904 373 1957 occupavere.
408 1888 434 1941 N
436 1904 470 1940 ox
482 1892 566 1956 atque
578 1888 680 1957 praeda
692 1893 842 1943 castrorum
854 1888 940 1943 hostis

93 1982 146 2033 qno
168 1965 257 2018 minus
275 1964 389 2018 victoria
407 1966 552 2018 uterentur
571 1969 707 2018 remorata
728 1969 797 2019 suut,
833 1965 940 2019 Deinde

92 2042 111 2094 J
113 2041 233 2109 ugurtha
244 2044 355 2110 postero
367 2039 413 2094 die
425 2057 486 2094 eum
497 2042 570 2095 Aulo
583 2041 610 2093 in
623 2041 754 2109 colloquio
766 2040 850 2094 verba
861 2042 939 2096 feeit:

92 2118 224 2171 “tametsi
247 2119 338 2186 ipsum
357 2133 418 2169 eum
437 2119 560 2171 exercitu
584 2117 655 2170 fame
675 2120 704 2170 et
727 2116 799 2169 ferro
820 2117 940 2172 clausum

91 2196 175 2260 tenet,
189 2198 281 2247 tamen
296 2209 325 2246 se
340 2209 488 2247 memorem
502 2192 680 2245 humanarum
695 2209 795 2267 rorum,
810 2193 832 2245 si
849 2210 938 2248 seeum

90 2269 187 2323 foedus
204 2270 313 2335 faceret,
332 2269 473 2322 incolumis
492 2269 578 2320 omnis
599 2269 648 2321 sub
663 2268 761 2336 jugum
779 2268 938 2336 missurum3

90 2350 234 2415 praeterea
245 2347 286 2399 uti
299 2346 396 2399 diebus
409 2345 504 2398 decem
518 2344 647 2398 Numidia
659 2345 829 2398 decederet.’'
864 2346 939 2411 Quae

90 2440 254 2492 quamquam
277 2421 371 2488 gravia
391 2423 419 2473 et
438 2419 525 2486 flagiti
550 2420 632 2488 plena
652 2425 737 2485 erant,
757 2423 856 2488 tamen,
875 2423 939 2491 quia

90 2499 186 2552 mortis
203 2503 279 2551 metu
291 2495 477 2562 mutabantur,
491 2495 571 2550 sicuti
586 2497 646 2564 regi
662 2497 799 2562 lubuerat,
811 2513 865 2565 pax
876 2515 938 2552 eon·

89 2575 171 2628 venit.

141 2658 181 2705 39.
218 2651 273 2706 Sed
288 2652 336 2706 ubi
354 2667 387 2706 ea
400 2649 503 2705 Romae
516 2655 657 2720 comperta
669 2655 740 2718 sunt,
752 2655 843 2706 metus
854 2655 937 2721 atque

89 2743 197 2781 moeror
212 2729 349 2782 civitatem
367 2728 497 2780 invasere.
534 2727 601 2780 Pars
613 2728 706 2782 dolere
720 2745 770 2796 pro
786 2729 874 2795 gloria
888 2730 937 2783 im-

88 2804 155 2871 peri,
175 2820 238 2873 pars
262 2804 371 2856 insolita
394 2819 485 2855 rerum
509 2802 668 2857 bellicarum
689 2804 787 2856 tiurere
807 2803 936 2869 libertati,

90 2880 162 2933 Aulo
180 2895 273 2933 omnes
292 2879 392 2945 infesti,
412 2895 444 2931 ae
461 2895 595 2946 maxume,
612 2880 659 2947 qui
676 2879 749 2932 bello
763 2896 844 2947 saepe
861 2896 937 2946 prae-

40 2997 42 3009 ,
88 2954 154 3008 olari
166 2956 281 3020 fuerant,
293 2953 366 3021 quod
377 2958 501 3008 armatus
512 2953 652 3008 dedeeore
661 2955 762 3023 potinus
772 2964 963 3022 <mammes

82 3032 199 3086 salutem
216 3031 402 3102 quaesiverat.
439 3030 487 3086 Ob
505 3048 541 3086 ea
557 3029 659 3084 eonsul
676 3027 806 3082 misma
819 3035 863 3070 es
874 3013 988 3061 &W

845 3084 965 3135 *me-&w
972 3069 1008 3111 Q*

72 3108 170 3162 fratris
182 3110 319 3166 invidiam
336 3128 367 3168 ae
382 3111 496 3168 deinde
506 3107 678 3181 periodum
685 3104 806 3156 ΜΨ
816 3105 898 3205 *zm-x
912 3129 1008 3197 effi*

61 3182 180 3240 foedere
196 3188 383 3257 consulebat,
404 3193 567 3247 ettamen
585 3179 721 3238 interm
735 3158 849 3224 euers)x
