2056 3406
317 159 324 171 ’
409 171 592 220 curruum.
896 169 925 216 ,3

78 249 170 304 studia
188 249 326 304 hominum
346 251 471 306 ascendit
491 251 527 306 ad
551 250 722 306 consulatum
741 246 925 301 mandandum

78 324 116 378 M.
128 326 214 379 Tullio
235 326 377 392 Ciceroni„
402 327 529 395 Namque
548 330 630 380 antea
648 325 779 393 pleraque
798 320 926 374 nobilitas

77 400 179 454 invidia
191 403 343 468 aestuabat,
355 407 384 456 et
396 403 472 471 quasi
485 402 570 471 pollui
587 399 755 454 consulatum
768 396 925 464 credebant,

79 476 102 528 si
123 493 184 529 eum
207 478 330 545 quamvis
351 478 476 545 egregius
496 476 577 528 homo
598 490 682 527 novus
706 473 823 541 adeptus
846 472 925 525 foret.

80 551 135 605 Sed
147 551 194 605 ubi
211 552 363 621 periculum
376 552 493 618 advenit,
506 550 608 604 invidia
619 552 703 618 atque
722 546 849 617 superbia
863 550 926 614 post

78 624 162 681 fuere.

133 708 173 757 24.
210 704 300 773 Igitur
315 703 432 758 comitiis
448 703 548 758 habitis
565 702 689 756 consules
702 701 876 755 declarantur
889 699 926 752 M.

80 777 183 832 Tullius
196 783 225 832 et
245 779 272 834 C.
288 780 431 833 Antonius.
468 779 547 842 Quod
563 779 665 832 lactum
682 777 769 845 primo
788 776 927 845 popularis

80 853 273 921 conjurationis
285 857 465 908 concusserat.
488 854 586 921 Neque
598 857 691 906 tamen
704 850 837 905 Catilinae
850 851 927 902 furor

78 928 260 996 minuebatur,
274 930 362 983 sedin
375 929 433 982 dies
451 929 529 996 plura
541 928 654 995 agitare,
666 944 743 980 arma
754 943 804 994 per
818 925 926 978 Italiam

80 1003 145 1057 locis
157 1006 315 1074 opportunis
328 1021 432 1073 parare,
441 1005 582 1073 pecuniam
596 1020 644 1056 sua
656 1006 703 1056 aut
713 1001 860 1054 amicorum
873 1001 928 1053 fido

81 1085 216 1146 sumptam
228 1084 351 1134 mutuam
373 1081 501 1133 Faesulas
518 1079 553 1132 ad
566 1078 698 1131 Manlium
712 1076 849 1145 quendam
865 1093 928 1144 por-

80 1157 148 1219 tare,
160 1156 207 1223 qui
226 1159 322 1225 postea
342 1157 467 1224 princeps
485 1156 537 1209 suit
556 1154 621 1208 belli
637 1153 765 1207 faciundi.
803 1151 843 1205 Ea
861 1156 929 1205 tem-

80 1234 189 1298 pestate
199 1231 337 1298 plurumos
346 1231 477 1299 cujusque
486 1230 593 1298 generis
605 1229 727 1282 hominos
737 1229 863 1282 ascivisse
875 1227 928 1281 sibi

81 1304 188 1371 dicitur,
211 1307 338 1358 mulieres
363 1306 446 1358 etiam
470 1305 582 1373 aliquot,
606 1321 677 1372 quae
700 1305 786 1372 primo
810 1305 912 1371 ingent‘

81 1384 205 1447 sumptus
226 1384 320 1448 stupro
344 1382 463 1448 corporis
487 1381 679 1445 toleraverant,
700 1382 763 1447 post
786 1378 833 1431 ubi
851 1384 927 1434 aetas

81 1455 270 1508 tantummodo
290 1456 415 1523 quaestui
434 1472 523 1523 neque
542 1454 667 1507 luxuriae
686 1454 796 1508 modum
815 1454 927 1524 fecerat,

81 1545 127 1582 aes
140 1530 256 1582 alienum
272 1531 376 1595 grande
396 1531 586 1584 conflaverant.
624 1529 679 1583 Per
696 1547 742 1584 eas
760 1547 789 1584 se
809 1531 928 1586 Catilina

81 1605 212 1658 credebat
230 1622 309 1674 posse
322 1607 432 1659 servitia
444 1605 548 1659 urbana
561 1604 714 1672 sollicitare,
727 1606 824 1660 urbem
838 1608 925 1660 incen—

81 1679 154 1746 dere,
168 1681 240 1734 viros
253 1697 346 1735 earum
358 1681 400 1735 vel
414 1681 565 1750 adjungere
578 1681 629 1735 sibi
641 1682 684 1734 vel
696 1682 857 1736 interficere.

133 1763 173 1809 25.
209 1757 265 1811 Sed
284 1759 311 1811 in
331 1759 373 1811 his
392 1760 452 1811 erat
473 1758 638 1826 Sempronia,
652 1775 722 1826 quae
740 1760 827 1814 multa
845 1777 927 1830 saepe

82 1832 166 1908 virilis
179 1834 308 1887 audaciae
319 1835 440 1888 facinora
457 1835 638 1888 commiserat
676 1835 753 1888 Haec
764 1837 863 1889 mulier
881 1854 927 1904 gc-

82 1925 146 1962 nere
159 1912 241 1976 atque
251 1910 344 1977 forma,
358 1914 501 1978 praeterea
517 1911 582 1977 viro,
595 1910 688 1965 liberis
706 1912 773 1965 satis
785 1912 926 1965 fortunata

81 1984 149 2050 fuit;
165 1985 251 2038 literis
272 1986 383 2039 Graccis
403 1990 432 2039 et
452 1986 558 2039 Latinis
574 1986 663 2054 docta,
682 1988 806 2057 psallere,
826 1989 927 2042 saltare

81 2060 231 2127 elegantius
251 2077 332 2128 quam
353 2078 463 2114 necesse
483 2065 526 2114 cst
544 2061 653 2130 probae,
672 2064 835 2133 multanda,
857 2081 927 2132 quae

81 2135 261 2190 instrumenta
273 2136 397 2190 luxuriae
409 2140 479 2190 sunt.
498 2137 553 2190 Sed
566 2138 591 2190 ei
604 2138 707 2190 cariora
720 2156 828 2208 sempor
837 2140 927 2193 omnia

81 2228 161 2279 quam
183 2212 266 2266 docus
285 2218 368 2281 atque
387 2213 520 2281 pudicitia
540 2213 608 2277 fuit;
631 2214 762 2281 pecuniae
781 2232 815 2267 an
840 2215 927 2267 lamae

81 2287 171 2341 minus
191 2294 325 2357 parceret,
346 2288 419 2341 haud
440 2288 519 2341 facile
543 2288 728 2354 discerneres3
751 2290 872 2343 lubidine
890 2292 927 2343 sic

81 2367 236 2417 accensent
254 2365 360 2432 saepius
376 2366 485 2431 peteret
502 2365 573 2417 viros
590 2382 671 2432 quam
688 2370 836 2433 peteretur.
873 2367 928 2429 Sed

82 2455 115 2493 ea
126 2456 207 2508 saepe
223 2440 338 2494 antehae
357 2439 440 2492 fidem
457 2440 624 2508 prodiderat,
636 2442 771 2495 creditum
788 2441 928 2510 abjurave-

82 2519 133 2582 rat,
147 2515 237 2569 cacdis
249 2516 355 2568 conscia
370 2515 468 2584 fuerat,
480 2515 588 2569 luxuria
600 2520 683 2584 atque
696 2519 787 2586 inopia
798 2535 928 2587 praeceps

67 2589 195 2645 ¹abierat.
230 2591 334 2644 Verum
347 2591 485 2659 ingenium
499 2591 559 2659 ejus
575 2592 649 2644 baud
666 2592 814 2646 absurdum
823 2615 830 2660 ;
848 2610 929 2663 posse

82 2683 176 2720 versus
195 2668 292 2735 facere,
300 2666 393 2734 jocum
411 2683 528 2735 movere,
541 2684 665 2722 sermone
683 2671 724 2722 uti
741 2670 785 2723 vel
804 2669 929 2724 modesto

82 2743 125 2795 vel
137 2743 211 2796 molli
224 2744 265 2796 vel
278 2742 399 2811 procaci;
410 2759 522 2812 prorsus
534 2744 636 2798 multae
648 2745 763 2799 facetiae
772 2745 929 2814 multusque

81 2817 157 2887 lepos
169 2819 264 2872 iuerat.

134 2901 174 2948 26.
213 2895 265 2948 His
283 2894 366 2948 rebus
381 2897 545 2964 comparatis
558 2897 674 2951 Catilina
692 2897 775 2952 nihilo
793 2899 883 2952 miuus
901 2900 929 2954 in

81 2986 243 3038 proxumum
264 2988 364 3024 annum
383 2972 552 3025 consulatum
572 2972 694 3041 petebat,
705 2989 832 3037 sperans,
844 2975 875 3023 si
886 2975 937 3021 def

81 3045 204 3113 signatu,
222 3046 303 3117 feret,
317 3047 399 3103 facile
418 3065 449 3102 se
466 3065 504 3102 en
518 3048 670 3101 uoluntate
691 3044 819 3094 antonus
831 3051 968 3105 mmmm.

73 3120 176 3190 Neque
188 3124 300 3182 interea
313 3127 431 3199 quietus
444 3130 520 3196 erat,
530 3125 588 3181 sed
603 3119 745 3176 omnilous

63 3198 190 3266 Putabat
205 3202 352 3264 Ciceroni.
391 3188 742 3277 Nequeilntameuau
750 3173 926 3239 cauendum

755 3097 981 3201 mossxe'mssxkggr
