2070 3412
421 166 628 217 JUGURTHA.
916 171 947 220 95

99 251 254 303 venturum.
291 247 346 302 Sed
357 247 405 301 ubi
419 248 495 300 illum
507 247 599 316 procul
611 247 708 302 abesse
720 252 749 303 et
761 250 820 303 aliis
831 251 949 319 negotiis

99 324 236 378 intentum
254 324 365 392 accepit,
382 323 487 392 majora
498 327 528 377 et
539 325 625 392 magis
641 341 738 393 aspera
753 326 867 394 aggredi
879 330 949 381 11111-

99 416 151 470 pus
163 400 249 452 visum
262 404 311 454 est
348 399 416 453 Erat
429 400 502 453 inter
513 400 632 468 ingentis
643 399 806 455 solitudines
818 402 948 472 oppidum

99 493 227 544 magnum
252 479 336 544 atque
356 475 456 543 valens,
477 477 584 529 nomine
609 477 704 544 Capsa,
725 476 804 545 cujus
825 478 949 532 conditor

100 552 235 606 Hercules
249 551 331 618 Libys
344 550 553 604 memorabatur.
590 551 657 619 Ejus
674 552 746 605 cives
760 553 834 622 apud
849 555 950 621 iugur-

99 629 176 684 tham
188 627 329 693 immunes,
346 627 400 680 levi
416 627 537 695 imperio,
554 630 584 681 et
598 626 633 680 ob
650 643 683 681 ea
694 628 854 682 fidelissumi
866 630 949 684 habe-

99 705 208 773 bantur,
226 703 324 756 muniti
340 704 485 756 advorsum
500 701 586 757 hostis
602 719 655 757 non
671 704 813 758 moenibus
827 706 949 760 modoet

99 782 183 837 armis
202 783 287 848 atque
306 779 380 846 viria,
400 795 494 832 verum
513 779 596 832 etiam
616 778 703 833 multo
722 781 809 848 magis
828 780 948 834 locorum

99 858 255 928 asperitate.
292 855 318 907 N
321 871 364 907 am
380 858 491 923 praeter
503 855 603 923 oppido
620 857 773 925 propinqua
791 856 844 909 alia
860 859 949 911 omnia

98 939 184 1003 vasta,
197 932 308 999 incauta,
323 930 432 998 egentia
448 946 540 998 aquae,
564 931 663 985 infesta
682 932 863 1001 serpentibus,
883 951 949 1002 quo

98 1029 160 1066 111111
171 1010 212 1064 vis
224 1007 294 1061 sicut
306 1007 424 1059 omnium
434 1007 553 1058 ferarum
565 1006 656 1074 inopia
668 1008 721 1061 cibi
733 1009 835 1075 acrior;
850 1009 949 1063 adhoc

98 1091 198 1141 natura
214 1083 381 1152 serpentium
396 1084 456 1150 ipsa
471 1082 622 1152 perniciosa
639 1084 684 1137 siti
700 1086 786 1152 magis
802 1102 884 1154 quam
896 1087 949 1138 alia

98 1180 129 1217 re
148 1159 312 1215 ascenditur.
348 1158 415 1226 Ejus
431 1159 557 1228 potiundi
572 1159 690 1213 Marium
706 1177 833 1214 maxuma
849 1162 948 1230 cupido

97 1239 242 1303 invaserat,
253 1250 337 1302 quum
350 1239 463 1303 propter
476 1251 554 1288 usum
566 1234 639 1299 belli,
648 1239 707 1288 tum
720 1236 783 1304 quia
795 1253 839 1289 res
851 1254 948 1305 aspera

97 1312 252 1378 videbatur,
268 1313 297 1363 et
315 1289 445 1363 hletellus
464 1310 596 1380 oppidum
616 1311 727 1363 Thalam
746 1328 844 1378 magna
861 1313 949 1380 gloria
979 1348 982 1352 >

97 1392 217 1460 ceperat,
229 1386 304 1440 haud
316 1386 485 1440 dissimiliter
501 1388 584 1441 situm
599 1388 794 1456 munitumque,
809 1388 860 1440 nisi
873 1390 948 1457 quod

97 1467 172 1538 apud
181 1464 292 1517 Thalam
304 1480 357 1517 non
369 1464 450 1531 longe
462 1481 479 1517 a
491 1463 632 1518 moenibus
644 1462 748 1531 aliquot
759 1464 849 1517 fontes
861 1468 948 1534 erant,

99 1545 250 1614 Capsenses
262 1558 317 1594 una
328 1540 409 1594 modo
424 1543 506 1607 atque
518 1556 551 1593 ea
562 1540 635 1594 intra
651 1539 782 1608 oppidum
796 1539 858 1608 jugi
870 1557 947 1608 aqua,

97 1625 191 1676 cetera
206 1618 298 1688 pluvia
310 1616 465 1670 utebantur.
503 1616 538 1668 ld
554 1616 648 1685 ibique
666 1619 696 1670 et
710 1616 738 1669 in
758 1617 830 1670 omni
844 1617 948 1685 Africa,

98 1713 168 1766 quae
179 1694 274 1765 procul
286 1711 303 1747 a
313 1693 382 1746 mari
394 1690 522 1745 incultius
534 1692 640 1760 agebat,
653 1708 686 1745 eo
697 1692 801 1745 facilius
813 1692 948 1746 toleraba

98 1777 151 1840 tur,
164 1771 229 1840 quia
245 1769 383 1823 Numidae
399 1768 560 1837 plerumque
576 1767 647 1822 lacte
658 1771 687 1822 et
699 1768 786 1821 ferina
797 1785 879 1822 carne
890 1785 948 1823 ves-

97 1849 236 1914 cebantur,
254 1849 283 1900 et
297 1861 386 1919 neque
404 1845 487 1898 salem
507 1861 596 1912 neque
612 1845 665 1898 aha
680 1845 852 1898 irritamenta
867 1845 948 1912 gulae

98 1923 280 1995 quaerebant3
307 1921 383 1975 cibus
402 1920 455 1974 illis
472 1920 616 1974 advorsum
639 1922 738 1974 famem
762 1925 846 1989 atque
866 1921 948 1989 sitim,

97 2017 152 2054 non
163 1999 279 2053 lubidini
291 2014 379 2065 neque
391 1996 514 2049 luxuriae
526 2000 593 2050 erat.

150 2081 191 2130 90.
228 2075 317 2143 Igitur
331 2073 424 2126 consul
439 2072 563 2125 omnibus
575 2072 731 2141 exploratis,
744 2073 826 2126 credo
839 2074 882 2127 dis
893 2075 948 2129 fre-

97 2155 250 2218 tus-nam
264 2152 360 2203 contra
378 2151 470 2202 tantas
488 2148 662 2202 difficultates
676 2148 786 2202 consilio
803 2150 868 2202 satis
885 2167 947 2218 pro-

96 2228 192 2282 videre
203 2243 256 2279 non
268 2227 393 2291 poterat;
412 2225 514 2294 quippe
524 2226 607 2278 etiam
615 2224 746 2277 frumenti
759 2224 850 2291 inopia
861 2227 947 2294 temp

97 2303 215 2369 tabatur‚
228 2301 302 2370 quod
314 2300 451 2353 Numidae
462 2300 561 2368 pabulo
573 2300 679 2367 pecoris
691 2300 778 2366 magia
787 2315 868 2366 quam
881 2317 947 2355 arvo

97 2379 218 2447 student,
238 2380 267 2431 et
286 2370 478 2445 quodcumque
499 2381 593 2428 natum
613 2376 711 2443 firerat,
727 2375 807 2442 jussu
826 2376 898 2443 regis
918 2377 946 2431 in

97 2455 155 2510 loca
170 2453 275 2507 munita
291 2450 471 2519 contulerant,
488 2468 554 2519 ager
570 2455 662 2504 autem
682 2450 776 2504 aridus
792 2454 821 2505 et
836 2452 946 2520 frugum

96 2548 197 2585 vacuus
216 2546 249 2584 ea
267 2530 446 2597 tempestate;
464 2544 526 2580 nam
546 2527 659 2580 aestatis
678 2529 833 2580 extremum
852 2533 946 2581 erat—

96 2611 188 2662 tamon
207 2622 257 2676 pro
276 2604 317 2658 rei
336 2604 413 2672 copia
432 2603 498 2656 satis
517 2602 693 2672 providenter
711 2607 840 2668 exornat3
863 2621 952 2672 pecus

96 2701 183 2751 omne,
198 2681 272 2750 quod
288 2679 471 2749 superioribus
487 2679 585 2732 diebus
600 2679 718 2748 praedae
734 2679 831 2745 fuerat,
848 2680 946 2747 equiti-

96 2759 148 2813 bus
164 2757 313 2812 auxiliariis
330 2757 465 2824 agendum
483 2760 525 2810 att
513 2755 617 2822 t,ribuit
632 2758 666 2810 A
680 2756 812 2811 Manlium
825 2754 945 2824 legatum

96 2853 158 2890 cum
169 2834 327 2888 cohortibus
340 2833 459 2902 expedit
451 2850 476 2886 1s
439 2833 527 2885 tad
543 2833 672 2921 oppidum
687 2833 772 2900 Laris,
784 2831 832 2885 ubi
844 2833 946 2900 stipen-

96 2911 171 2965 dium
191 2915 219 2966 et
242 2913 420 2965 commeatum
442 2908 586 2975 locaverat,
566 2909 646 2962 tire
669 2908 760 2976 j,ubet
775 2908 901 2970 dicitque
917 2924 954 2956 sa

90 2987 317 3055 praedabundum
336 2990 399 3059 post
415 3003 521 3059 paucos
535 2986 599 3040 dies
613 2985 895 3039 eodemveuaurum
921 2973 981 3018 &a

82 3062 196 3131 incepto
207 3082 259 3119 suo
269 3067 414 3123 occultato
426 3067 526 3140 pergit
537 3064 581 3120 ad
590 3058 842 3118 humamanam
967 3101 976 3113 .

128 3143 172 3195 91.
217 3143 392 3202 Ceterum
382 3165 418 3204 m
439 3149 554 3205 itinere
584 3138 728 3215 quotidie
758 3136 858 3212 Qus
836 3112 1012 3242 ζὲἵᾷ

61 3227 120 3281 Per
139 3221 301 3292 centurias,
325 3225 406 3283 item
429 3231 558 3286 turmas
580 3195 887 3292 111111111ὶὶθῖὣςω
