2070 3412
105 144 137 194 22
251 94 253 96 '
352 138 383 188 C.
400 137 573 188 SALLUSTI
590 137 706 186 CRISPI

100 223 216 291 januam
227 218 374 286 obsideret,
390 234 507 291 eumque
518 217 545 271 vi
557 215 763 284 aggrederetur,
775 216 853 280 alius·
861 219 955 272 autem

106 298 203 362 alium3
222 294 271 347 sed
286 293 336 347 filii
350 294 521 359 familiarum,
538 309 654 362 quorum
670 311 705 347 ex
719 293 865 348 nobilitate
880 309 955 347 max·

96 389 169 425 uma
191 387 255 439 pars
273 373 340 437 erat,
359 371 486 440 parentes
503 369 705 434 interficerent,
727 369 806 423 simul
824 368 908 423 caede
926 372 956 423 et

105 446 230 500 incendio
253 445 385 514 perculsis
402 445 527 498 omnibus
544 445 581 499 ad
602 445 747 499 Catilinam
771 449 954 513 erumperent.

106 523 187 576 Inter
202 522 270 576 haec
285 524 382 590 parata
393 524 476 589 atque
489 521 600 575 decreta
615 521 754 588 Cethegus
770 537 879 590 semper
890 537 955 590 que-

105 597 218 652 rebatur
237 597 273 651 de
292 595 400 666 ignavia
418 597 567 661 sociorum;
590 597 651 651 illos
670 597 823 651 dubitando
846 599 876 650 et
895 597 954 650 dies

105 673 267 744 prolatando
290 689 403 741 magnas
420 673 641 742 opportunitates
658 690 850 743 corrumpere3
873 673 954 741 iacto,

105 767 159 803 uon
176 749 297 804 consulto
314 749 342 803 in
359 748 409 803 tali
422 749 543 816 periculo
561 766 628 817 opus
644 766 711 818 esse,
728 766 819 818 seque,
836 750 858 802 si
874 751 954 817 pauci

105 825 275 894 adjuvarent,
289 824 479 891 languentibus
491 825 558 896 aliis,
569 827 702 893 impetum
714 827 855 879 incuriam
867 822 954 878 iaetu·

105 918 174 954 rum.
203 901 310 954 Natura
328 900 412 962 ieron,
429 901 583 969 vehemens,
601 917 683 954 manu
700 905 845 972 promptus
862 899 953 971 [erat],
1011 950 1015 956 ,

105 993 262 1031 maxumum
273 976 374 1030 bonum
387 975 415 1028 in
427 976 568 1030 celeritate
580 977 704 1045 putabat.

157 1059 198 1106 44.
234 1051 289 1106 Sed
304 1050 467 1118 Allobroges
479 1068 514 1104 ex
529 1056 677 1122 praecepto
690 1053 827 1107 Ciceronis
838 1070 888 1122 per
900 1053 954 1108 Ca-

104 1127 208 1182 binium
227 1131 332 1181 ceteros
351 1126 531 1192 conveniunt;
547 1128 583 1182 ab
602 1128 726 1194 Lentulo,
744 1128 875 1197 Cethego,
893 1129 954 1182 Sta·

104 1204 170 1272 tilio,
182 1205 250 1258 item
262 1203 356 1258 Cassio
367 1202 507 1272 postulant
514 1202 716 1272 jusjurandum,
730 1204 805 1272 quod
816 1205 953 1272 signatum

104 1280 142 1334 ad
153 1279 219 1334 civis
231 1279 387 1349 perferant3
405 1279 486 1332 aliter
498 1278 573 1333 haud
584 1279 663 1333 facile
679 1296 726 1334 eos
739 1279 894 1334 adtentum
906 1296 954 1334 ne-

104 1357 209 1425 gotium
232 1355 335 1426 impelli
355 1371 441 1426 posse.
477 1355 570 1409 Ceteri
593 1355 661 1410 nihil
686 1356 855 1424 suspicantes
878 1355 953 1424 dant,

105 1433 215 1488 Cassius
234 1435 321 1486 semet
340 1448 372 1486 eo
390 1430 466 1485 brevi
484 1435 629 1485 venturum
649 1431 800 1502 pollicetur,
817 1447 849 1485 ac
871 1431 952 1499 paulo

34 1549 44 1569 .
104 1513 168 1563 ante
187 1509 291 1577 legatos
309 1525 343 1562 ex
362 1507 431 1561 urbe
454 1508 639 1576 proficiscitur.
676 1507 809 1562 Lentulus
828 1525 888 1560 cum
909 1506 953 1561 his

104 1584 134 1639 Τ.
147 1584 319 1638 Volturcium
337 1583 473 1651 quendam
492 1583 697 1637 Crotoniensem
714 1583 810 1649 mittit,
828 1585 860 1635 ut
878 1581 953 1636 Allo-

104 1659 202 1728 broges
214 1661 384 1730 priusquam
400 1658 513 1711 domum
524 1662 672 1726 pergerent
684 1675 745 1711 cum
759 1656 875 1711 Catilina
887 1657 953 1711 data

104 1739 187 1804 atque
203 1739 315 1802 accepta
330 1733 386 1788 fide
397 1733 557 1787 societatem
573 1733 773 1787 continuarent.
811 1732 875 1801 Ipse
887 1732 952 1786 Vol·

103 1813 191 1865 turcio
202 1810 296 1864 literas
308 1809 344 1863 ad
356 1809 501 1864 Catilinam
514 1807 570 1876 dst,
585 1825 700 1877 quarum
716 1809 870 1876 exemplum
881 1808 953 1861 infra

104 1886 236 1956 scriptum
248 1888 298 1938 est.
328 1884 417 1949 “Quis
428 1884 480 1937 sim
492 1900 527 1937 ex
539 1901 572 1938 eo
584 1900 666 1952 quem
678 1883 714 1936 ad
726 1887 755 1937 te
767 1883 829 1937 misi
841 1900 952 1951 cognos-

103 1978 155 2017 ces.
192 1961 247 2014 Fac
259 1960 362 2029 cogites
373 1960 402 2012 in
414 1962 516 2026 quanta
527 1959 682 2013 calamitate
694 1959 738 2025 sis,
751 1963 781 2013 et
794 1959 951 2014 memineris

103 2041 132 2092 te
144 2037 232 2090 virum
245 2053 319 2101 csse;
336 2034 491 2089 consideres
503 2034 570 2102 quid
582 2037 647 2090 tuae
661 2034 782 2089 rationes
797 2035 937 2104 postulent
944 2057 952 2103 ;

104 2112 233 2168 auxilium
249 2115 328 2180 petes
339 2111 374 2164 ab
386 2109 519 2176 omnibus,
535 2110 618 2164 etiam
634 2109 670 2164 ab
684 2110 806 2165 infimis.”
842 2111 890 2164 Ad
901 2112 952 2166 hoc

103 2189 233 2242 mandata
245 2188 335 2241 verbis
348 2186 410 2240 dat:
429 2186 444 2212 “
453 2187 542 2250 Quum
555 2186 590 2239 ab
604 2189 702 2241 senatu
716 2187 804 2241 hostis
816 2187 952 2241 indicatus

103 2264 147 2332 sit,
165 2280 218 2331 quo
235 2263 346 2317 consilio
363 2261 473 2315 servitia
489 2262 632 2330 repudietl
649 2263 678 2316 iu
694 2263 763 2316 urbe
779 2266 876 2332 parata
893 2280 952 2317 esse

103 2352 174 2408 quae
180 2338 311 2407 jussorit3
323 2355 358 2392 ne
370 2341 513 2395 cunctetur
524 2338 582 2406 ipse
594 2339 706 2408 propius
718 2339 869 2393 accedere.”

155 2421 196 2470 45.
233 2415 286 2468 llis
300 2414 382 2468 rebus
396 2413 436 2467 ita
450 2414 526 2482 actis,
540 2415 690 2469 constituta
706 2418 787 2469 nocte
801 2431 854 2483 qua
871 2415 952 2484 profi·

102 2491 276 2557 eiecerentur,
287 2490 385 2554 Cicero,
390 2507 440 2558 per
450 2490 555 2557 legatos
567 2494 664 2544 cuneta
676 2491 788 2545 edoctus
802 2491 830 2545 L.
841 2490 951 2544 Valeu'o

103 2566 201 2621 Flacco
214 2570 244 2620 et
256 2566 285 2621 C.
295 2566 440 2634 Pomptino
454 2565 627 2635 praetoribus
643 2566 768 2636 imperat,
779 2569 812 2620 ut
827 2567 855 2620 in
867 2570 964 2635 ponte.

103 2643 207 2696 Mulvio
226 2660 276 2711 per
298 2642 408 2696 insidias
434 2641 611 2709 Allobrogum
635 2643 780 2697 corrritatus
803 2641 952 2711 deprehen-

103 2717 261 2786 dantyrem
279 2734 386 2772 omnem
398 2718 487 2787 aperit
502 2717 580 2786 cujus
594 2718 684 2784 gratia
699 2718 895 2782 mittebantnr;
910 2734 952 2772 ce·

103 2799 170 2862 tera,
182 2795 224 2849 uti
236 2794 308 2847 facto
320 2810 388 2862 opus
400 2795 443 2859 sit,
456 2794 495 2847 ita
507 2797 589 2863 agant
601 2795 746 2861 permittit.
771 2794 816 2848 llli
828 2794 951 2849 homines

101 2870 243 2938 militares,
255 2871 313 2924 sine
326 2870 445 2924 tumultu
460 2870 604 2938 praesidiis
623 2870 767 2937 collocatis,
782 2871 862 2925 sicuti
874 2887 951 2939 prae

94 2949 209 3010 ceptum
222 2949 290 3012 erat,
304 2945 409 3000 occulte
421 2949 532 3013 pontem
544 2945 681 2999 obsidunt.
712 2946 859 3014 Postquam
874 2947 910 3000 ad
921 2946 951 3000 id

75 3015 137 3067 loci
144 3019 238 3085 legati
252 3038 316 3075 cum
333 3022 479 3077 Volturcio
491 3039 594 3078 venero
609 3025 639 3078 et
655 3021 891 3089 simulatumque
903 3022 955 3075 ola-

58 3099 131 3139 mor·
148 3099 273 3151 exortus
293 3105 347 3169 est,
363 3101 439 3157 Galli
453 3100 538 3174 [cito]
555 3101 672 3172 cognito
684 3098 800 3154 consilio
817 3096 878 3148 sine
891 3110 974 3146 mora

37 3167 243 3225 Praetor-ibus
268 3192 307 3231 se
332 3181 482 3247 troduut3
509 3178 686 3237 Volturcius
706 3175 803 3248 primo
824 3169 989 3224 subortam
