2070 3412
410 190 617 241 JUGURTHA.
907 197 947 244 55·

92 269 166 323 tibus
188 271 216 324 in
238 271 404 339 provinciam
428 272 509 326 venit.
545 273 588 327 Ac
608 274 719 328 tametsi
741 275 829 328 senati
848 275 938 328 verbis

90 363 187 413 graves
199 347 287 407 minae
299 348 501 416 nuntiabantur,
514 350 588 418 quod
600 349 657 420 [ab]
670 352 871 419 oppugnatione
884 367 937 403 non

91 423 245 491 desisteret,
252 425 338 478 multa
346 429 437 478 tamen
447 426 568 479 oratione
576 430 735 494 consumpta
744 426 826 493 legati
835 426 938 480 frustra

90 499 246 552 discessere.

142 581 182 628 26.
209 576 248 629 Na
259 580 404 646 postquam
417 577 509 631 Cirtae
521 577 615 630 audita
627 581 697 642 sunt,
711 577 808 644 Italici,
821 594 936 645 quorum

90 649 192 704 virtute
211 653 317 704 moenia
340 651 558 720 defensabantur,
583 653 677 706 conlisi
701 653 840 706 deditione
864 654 937 707 facta

89 730 203 795 propter
221 728 437 795 magnitudinem
455 727 549 797 populi
570 727 685 781 Romani
709 728 852 782 inviolatos
876 745 937 782 sese

89 801 154 868 fore,
170 802 320 856 Adherbali
339 804 464 870 suadent,
476 803 519 856 uti
537 820 621 871 seque
639 806 668 858 et
686 804 817 873 oppidum
833 804 852 856 J
856 808 935 872 ugur-

89 878 154 931 thae
167 879 268 946 tradat,
279 882 387 933 tantum
404 880 440 933 ab
459 896 492 932 eo
508 880 591 933 vitam
608 880 769 950 paciscatur,
783 880 818 933 de
836 881 935 933 ceteris

89 955 194 1007 senatui
207 972 288 1008 curae
300 955 368 1009 foro.
404 960 445 1010 At
460 955 513 1022 ille,
527 956 638 1009 tametsi
656 956 746 1009 omnia
763 948 869 1025 potioia
881 956 936 1009 fido

89 1029 108 1081 J
110 1028 244 1097 ugurthae
256 1030 376 1100 rebatur,
388 1036 480 1086 tamen
494 1033 557 1100 quia
573 1049 656 1101 penes
668 1031 787 1101 eosdem,
800 1032 822 1085 si
841 1031 935 1085 advor-

89 1111 203 1174 saretur‚
216 1108 329 1175 cogendi
341 1110 464 1178 potestas
476 1112 543 1174 erat,
552 1109 598 1173 ita,
607 1111 648 1162 uti
661 1111 824 1162 censuerant
838 1107 935 1178 Italici,

91 1181 257 1236 deditionem
269 1184 342 1238 facit.
377 1184 516 1252 Jugurtha
528 1184 556 1236 in
574 1185 668 1252 primis
685 1183 871 1237 Adherbalem
890 1200 935 1236 ex-

89 1260 238 1312 cruciatum
251 1264 336 1325 necat,
350 1260 449 1313 deinde
460 1260 547 1313 omnis
565 1260 683 1328 puberes
696 1259 832 1312 Numidas
850 1263 934 1326 atque

88 1335 272 1402 negotiatores
283 1336 443 1401 promiscue,
456 1335 497 1396 uti
514 1336 629 1404 quisque
642 1335 755 1387 armatis
767 1334 862 1387 obvius
878 1337 935 1386 t'ue-

88 1414 140 1475 rat,
152 1410 288 1463 interficit.

142 1489 182 1541 27.
218 1485 298 1548 Quod
310 1488 454 1554 postquam
467 1484 571 1538 Romae
584 1486 722 1555 cognitum
735 1488 785 1550 est,
799 1488 827 1538 et
845 1502 889 1538 res
907 1485 934 1538 in

89 1564 186 1614 senatu
198 1561 296 1627 agitari
309 1564 414 1629 coepta,
426 1560 511 1614 iidem
528 1560 567 1613 illi
581 1561 699 1625 ministri
717 1560 790 1627 regis
807 1561 935 1628 interpel-

88 1636 170 1690 lando
183 1653 214 1690 ac
227 1652 308 1705 saepe
317 1636 413 1704 gratia,
421 1635 558 1689 interdum
566 1636 667 1704 jurgiis
674 1635 809 1689 trahendo
819 1640 934 1705 tempus,

88 1713 260 1767 atrocitatem
278 1712 344 1765 facti
360 1711 505 1766 leniebant.
541 1712 583 1765 Ac
600 1712 628 1764 ni
642 1712 669 1765 0.
683 1712 836 1778 Memmius,
849 1711 934 1765 tribu·
973 1728 976 1735 ’

88 1806 139 1841 nus
151 1788 239 1857 plebis
251 1787 417 1855 designatus,
429 1783 471 1841 'vir
482 1804 545 1841 acer
557 1791 586 1840 et
603 1787 719 1841 infestus
738 1789 876 1857 potentiae
888 1805 935 1841 no·

87 1865 211 1929 bilitatis,
230 1864 359 1937 populum
379 1864 530 1917 Romanum
549 1864 711 1931 edocuisset,
729 1864 757 1918 id
775 1865 818 1932 agi
836 1867 867 1917 ut
884 1880 935 1933 per

88 1957 187 2009 paitcos
199 1941 327 1994 factiosos
334 1939 489 2007 iugurthae
502 1940 588 1994 scelus
598 1939 804 2008 condonaretur,
811 1939 935 2009 proiecto

88 2016 174 2069 omnis
187 2017 288 2069 invidia
300 2015 469 2084 prolatandis
477 2016 718 2070 consultationibus
731 2016 837 2084 dilapsa
848 2016 934 2079 foret;

88 2095 167 2145 tanta
185 2093 226 2145 vis
244 2093 351 2160 gratiae
370 2096 453 2160 atque
473 2093 604 2160 pecuniae
624 2093 695 2160 regis
715 2094 782 2146 erat.
818 2090 873 2145 Sed
889 2091 935 2144 ubi

89 2172 199 2222 senatus
222 2168 314 2221 delicti
339 2169 503 2221 conscientia
524 2169 654 2235 populum
677 2169 764 2234 timet,
783 2166 843 2234 lege
863 2167 936 2220 Sem-

88 2245 183 2312 pronia
195 2243 347 2312 provinciae
355 2244 453 2296 futuris
463 2243 615 2296 consulibus
625 2242 753 2295 Numidia
760 2247 845 2310 atque
854 2242 936 2295 ltalia

89 2320 231 2384 decretae;
250 2320 373 2373 consules
385 2319 515 2371 declarati
532 2319 562 2371 P.
576 2319 664 2386 Scipio
677 2318 782 2382 Nasica,
796 2318 826 2371 L.
841 2318 936 2371 Bestia

90 2396 269 2464 Calpumius3
287 2395 432 2463 Calpurnio
450 2394 475 2446 N
478 2394 586 2459 umidis,
605 2393 724 2462 Scipioni
749 2395 830 2447 ltalia
855 2394 936 2447 obve-

89 2472 145 2534 nit;
163 2471 263 2523 deinde
279 2472 415 2524 exercitus
435 2470 482 2538 qui
502 2470 529 2522 in
551 2469 674 2522 Africam
693 2473 852 2537 portaretur
871 2470 936 2523 scri-

89 2547 179 2612 bitur;
197 2547 365 2616 stipendium
377 2546 483 2614 aliaque
498 2562 568 2614 quae
580 2545 652 2598 bello
664 2546 724 2598 usui
740 2546 831 2599 forent
843 2546 936 2599 decer-

89 2628 196 2677 nuntur.
510 2648 512 2651 ·

142 2707 182 2754 28.
202 2703 242 2753 At
254 2700 273 2752 J
276 2699 396 2766 ugurtha
408 2700 502 2752 contra
514 2713 590 2766 spem
602 2697 698 2749 nuntio
705 2700 825 2766 accepto,
836 2698 936 2766 quippe

90 2777 134 2831 cui
148 2776 251 2829 Romae
270 2775 359 2827 omnia
371 2791 469 2827 venum
487 2774 528 2826 ire
545 2773 572 2824 in
591 2773 680 2825 animo
698 2771 832 2840 haeserat,
850 2774 935 2826 filium

91 2857 199 2907 etcum
217 2868 249 2904 eo
268 2851 336 2903 duos
354 2849 495 2902 familiaris
512 2847 548 2901 ad
571 2852 694 2901 senatum
717 2847 822 2916 legatos
840 2849 935 2916 mittit,

90 2928 188 2996 hisque
199 2931 231 2981 ut
248 2928 307 2991 illis,
321 2941 388 2994 quos
402 2924 561 2992 Hiempsale
576 2925 719 2978 interfecto
731 2924 941 2986 miseratprae-

91 3005 158 3072 cipit
176 3004 261 3056 omnis
280 3001 404 3056 mortalis
424 3000 545 3072 pecuma
562 2999 777 3069 aggrediantur.
809 2995 873 3050 <ass
882 2994 968 3049 aas*

84 3096 165 3146 quam
184 3075 304 3134 Romam
323 3079 532 3149 adventabant,
544 3080 667 3133 senatus
677 3068 825 3127 abactis
841 3053 1000 3126 cussanus

73 3157 124 3221 est,
136 3156 305 3225 placeretne
318 3159 434 3231 legatos
446 3157 623 3233 iugurthae
636 3125 1002 3242 reexixmffiffilssgffi

65 3227 231 3305 deerevere,
243 3237 305 3295 nisi
322 3257 459 3312 regnum
471 3238 647 3312 ipsumque
664 3222 818 3282 deditum
826 3215 894 3254 *iffi
