2070 3412
99 147 131 200 rs
348 144 375 192 c.
395 107 568 190 saanusm
586 140 699 193 omsm

101 227 261 296 elephantos
285 224 380 291 omnis,
404 238 537 292 equorum
561 224 591 274 et
612 235 749 274 armorum
772 218 950 288 aliquantum.

102 303 177 366 Quae
189 304 332 369 postquam
351 300 409 354 sine
427 315 503 352 mora
519 298 593 352 facta
610 300 681 366 sunt,
694 295 776 364 jubet
792 295 879 349 omnis
891 310 953 363 per-

101 378 178 444 fugas
191 376 295 430 vinctos
313 376 419 429 adduci.
455 375 557 428 Eorum
576 389 675 441 magna
692 388 764 442 pars,
785 370 826 424 uti
841 369 952 439 jussum

100 455 169 518 erat,
194 452 322 516 adducti;
352 452 439 520 pauci,
468 467 552 519 quum
579 450 697 517 primurn
723 446 828 502 deditio
854 447 952 517 coepit,

101 528 137 581 ad
156 545 250 596 regem
270 528 407 581 Bocchum
426 527 454 580 in
473 525 673 580 Mauretaniam
693 524 823 578 abierant.
863 523 953 591 Igitur

101 605 120 658 J
123 604 249 672 ugurtha,
269 603 316 656 ubi
335 604 416 656 armis
429 603 548 671 virisque
567 606 596 655 et
615 600 730 669 pecunia
749 599 881 668 spoliatus
900 601 952 668 est,

102 696 185 748 quum
204 680 263 748 ipse
279 680 315 732 ad
331 679 519 748 imperandum
537 677 669 731 Tisidium
687 676 838 743 vocaretur,
856 691 952 729 rursus

101 757 191 823 coepit
214 757 325 809 flectere
348 755 467 809 animum
492 771 570 807 suum
591 757 620 806 et
641 769 676 806 ex
696 751 768 804 mala
787 752 953 805 conscientia

102 832 185 900 digna
196 832 300 885 timere.
337 831 461 898 Denique
473 830 566 884 multis
578 828 675 883 diebus
689 844 740 897 per
752 826 953 881 dubitationem

102 908 276 976 consumptis,
289 924 372 976 quum
388 907 469 960 modo
489 906 581 960 taedio
598 921 691 960 rerum
705 904 882 958 advorsarum
894 920 952 956 om-

102 985 148 1037 nia
166 983 237 1038 bello
256 984 364 1052 potiora
385 982 505 1048 duceret,
525 983 664 1037 interdum
683 997 774 1034 secum
793 979 852 1048 ipse
872 996 953 1047 repu-

103 1062 182 1123 taret,
195 1075 278 1127 quam
298 1059 389 1126 gravis
408 1076 486 1112 casus
507 1060 535 1112 iu
555 1059 695 1112 servitium
715 1073 750 1111 ex
769 1072 853 1124 regno
873 1054 953 1124 foret,

103 1134 196 1188 multis
216 1135 376 1201 magnisque
399 1134 542 1202 praesidiis
567 1134 747 1203 nequicquam
770 1131 896 1202 perditis,
917 1130 953 1184 de

103 1211 209 1277 integro
232 1209 334 1263 bellum
357 1210 446 1264 sumit.
483 1209 543 1279 [Et]
570 1209 673 1263 Romae
699 1212 809 1262 senatus
830 1207 865 1261 de
888 1223 953 1276 pro-

104 1285 196 1339 vinciis
208 1285 347 1339 consultus
359 1286 516 1341 Numidiam
529 1286 641 1340 Metello
654 1286 822 1338 decreverat.

156 1367 195 1415 63.
233 1361 380 1416 Paridem
401 1365 511 1430 tempus
531 1361 629 1416 Uticae
652 1362 724 1414 forte
745 1360 775 1414 O.
794 1360 882 1414 Mario
903 1377 953 1430 per

103 1436 206 1490 hostias
222 1437 265 1491 dis
281 1438 444 1506 supplicanti
460 1454 558 1506 magna
574 1442 658 1505 atque
674 1436 808 1490 mirabilia
823 1436 952 1505 portendi

103 1512 240 1582 haruspex
255 1514 378 1579 dixerat;
396 1515 510 1583 proinde
528 1530 599 1582 quae
617 1513 706 1566 animo
724 1512 847 1580 agitabat
864 1513 953 1568 fretus

104 1588 147 1642 dis
176 1593 279 1656 ageret,
302 1591 440 1643 fortunam
469 1606 551 1658 quam
582 1590 748 1658 saepissume
772 1589 953 1657 experiretur,
980 1583 984 1591 ’

103 1668 200 1718 cuncta
217 1681 347 1733 prospere
368 1668 504 1719 eventura.
542 1666 582 1719 At
605 1664 682 1718 illum
702 1663 761 1732 jam
786 1669 868 1718 antea
890 1681 953 1719 oon-

104 1739 209 1793 sulatus
225 1740 328 1815 ingens¹
341 1740 438 1809 cupido
457 1739 622 1809 exagitabat,
637 1739 674 1793 ad
691 1757 773 1808 quem
789 1740 952 1808 capiundum

104 1818 215 1883 practer
235 1819 402 1869 vetustatem
420 1816 538 1869 familiae
558 1816 611 1872 alia
630 1816 720 1869 omnia
739 1816 847 1870 abunde
865 1821 952 1885 eraut,

104 1889 246 1955 industria,
260 1891 390 1960 probitas,
400 1891 514 1945 militiae
526 1908 626 1959 magna
636 1891 755 1958 scientia,
768 1892 874 1945 animus
886 1891 952 1946 belli

103 1966 205 2034 iugens,
231 1967 304 2019 domi
328 1967 456 2033 modicus,
476 1966 606 2021 lubidinis
630 1971 660 2021 et
683 1967 839 2020 divitiarum
858 1969 952 2036 victor,

103 2042 294 2095 tantummodo
314 2042 416 2109 gloriae
436 2043 538 2096 avidus.
574 2043 629 2096 Sed
649 2043 672 2096 is
695 2047 775 2097 natus
796 2047 826 2096 et
845 2059 953 2098 omnem

103 2117 249 2185 pueritiam
265 2118 362 2186 Arpini
382 2118 460 2185 altus,
477 2117 524 2171 ubi
543 2119 662 2186 primum
680 2122 756 2172 aetas
772 2118 886 2173 militiae
905 2137 951 2189 pa-

104 2193 175 2248 tiens
184 2194 245 2260 fuit,
254 2194 396 2263 stipendiis
403 2194 542 2260 faciundis,
550 2211 605 2247 non
615 2195 721 2248 Graeca
729 2194 856 2247 facundia
863 2212 953 2264 neque

103 2269 215 2324 urbanis
227 2271 368 2324 munditiis
378 2288 438 2324 sese
448 2271 583 2335 exercuit3
601 2271 642 2324 ita
653 2271 725 2324 inter
737 2271 804 2324 artis
816 2269 901 2324 bonas
913 2272 952 2325 in-

104 2349 212 2414 tegrum
224 2348 363 2416 ingenium
374 2347 451 2401 brevi
464 2347 592 2402 adolevit.
628 2347 701 2414 Ergo
713 2346 760 2399 ubi
772 2347 891 2415 primurn
903 2348 953 2401 tri·

106 2421 236 2476 bunatum
249 2423 394 2477 militarem
407 2440 423 2477 a
434 2424 534 2493 populo
545 2424 624 2493 petit,
636 2423 774 2492 plerisque
786 2423 882 2477 faciem
893 2423 953 2492 ejus

103 2497 297 2565 ignorantibus,
317 2499 396 2552 facile
414 2504 495 2554 notus
512 2516 562 2569 per
578 2499 664 2553 omnis
680 2499 770 2553 tribus
787 2499 951 2554 declaratur.

104 2573 210 2627 Deinde
223 2574 257 2627 ab
270 2591 302 2627 eo
314 2575 477 2642 magistratu
492 2576 575 2629 alium
589 2579 652 2644 post
668 2574 751 2629 alium
768 2575 820 2629 sibi
835 2577 952 2645 peperit,

104 2666 266 2719 semperque
285 2651 313 2703 in
332 2652 514 2720 potestatibus
536 2650 667 2706 eomodo
691 2649 821 2718 agitabat,
843 2655 875 2704 ut
896 2668 952 2706 am-

103 2725 189 2794 pliore
208 2743 290 2794 quam
308 2726 425 2794 gerebat
444 2727 543 2796 dignus
560 2727 715 2780 haberetur.
752 2726 853 2780 Tamen
873 2727 897 2779 is
916 2728 953 2781 ad

102 2801 133 2855 id
152 2802 272 2856 locorum
293 2802 357 2855 talis
377 2803 426 2870 vir,
447 2820 509 2856 narn
530 2807 625 2870 postea
649 2801 798 2855 ambitione
821 2819 953 2872 praeceps

103 2878 185 2932 datus
197 2883 246 2944 est,
258 2883 353 2948 petere
368 2895 421 2931 non
434 2879 560 2933 audebat.
598 2878 748 2932 Etiamturn
768 2877 836 2931 alios
855 2881 953 2948 magis·

100 2957 191 3008 tratus
201 2955 307 3023 plebes,
325 2955 493 3010 consulatum
512 2955 639 3008 nobilitas
656 2954 729 3007 inter
745 2969 775 3007 se
790 2969 841 3022 per
856 2971 952 3010 manus

83 3027 223 3088 tradebat
263 3034 363 3088 Novus
379 3050 464 3087 nemo
481 3035 543 3087 tam
559 3031 651 3088 clarus
664 3044 757 3097 noque
770 3032 960 3095 tamegreg‘x'xs

47 3098 239 3237 ὸζᾱὲξῖθῗιξιὲι,
255 3111 326 3181 quin
341 3113 366 3167 is
377 3111 522 3182 indignus
532 3111 583 3166 illo
594 3108 707 3164 bonore
718 3107 750 3157 et
760 3102 844 3169 quasi
851 3101 979 3166 pollutus
