2070 3412
112 189 143 237 30
356 185 384 234 C.
404 182 578 234 SALLUSTI
596 183 713 232 CRISPI

111 266 242 320 advorsos
262 264 358 319 habeo.
394 263 448 329 Qui
471 263 540 317 mihi
563 267 647 332 atque
670 264 759 316 animo
783 279 845 316 mec
862 263 961 317 nullius

111 358 232 409 unquam
253 340 347 394 delicti
367 339 484 408 gratiam
505 339 637 408 fecissem,
658 338 731 392 haud
750 339 829 392 facile
847 339 961 394 alterius

111 416 227 470 lubidini
250 417 394 470 malefacta
417 415 610 474 condonabam.
646 414 702 468 Sed
725 431 758 468 ea
782 416 893 468 tametsi
913 432 961 469 vos

111 492 370 560 parvipendebatis,
383 494 475 545 tamen
487 507 532 544 res
544 490 653 559 publica
665 490 745 544 firma
756 494 831 554 erat3
850 492 961 559 opulen-

111 566 152 621 tia
171 568 371 635 neglegentiam
390 566 532 620 tolerabat.
569 566 649 619 Nunc
668 583 733 621 vero
751 583 805 619 non
823 565 852 618 id
870 568 961 634 agitur

111 641 224 696 bonisne
237 660 272 696 au
283 643 362 696 malis
379 642 501 695 moribus
514 642 642 710 vivamus,
654 658 744 710 neque
761 645 894 710 quantum
912 647 961 696 aut

111 732 193 786 quam
205 719 377 786 magnificum
389 719 533 788 imperium
545 718 638 787 populi
651 718 766 771 Romani
779 719 822 785 sit,
831 718 881 771 sed
892 720 961 772 haec

111 793 307 863 cujuscumque
328 795 401 848 modi
420 795 556 861 videntur,
575 798 670 848 nostra
691 810 726 847 an
746 794 888 847 nobiscum
906 811 960 848 una

111 869 230 923 hostium
245 871 340 925 futura
352 872 413 925 sint.
451 871 505 923 Hic
524 870 591 923 mihi
611 870 755 938 quisquam
773 869 960 923 mansuetudi-

111 961 173 998 nem
193 949 223 999 et
242 947 455 1000 misericordiam
473 946 602 999 nominat.
639 944 813 1014 Jampridcm
831 945 960 1013 equidem

111 1036 160 1074 nos
181 1037 247 1074 vera
264 1021 396 1075 vocabula
414 1038 506 1074 rerum
525 1021 679 1085 amisimus;
698 1021 761 1089 quia
782 1021 853 1074 bona
873 1021 960 1074 aliena

111 1095 204 1164 largiri
228 1096 383 1162 liberalitas,
406 1097 538 1150 malarum
566 1113 659 1150 rerum
687 1095 801 1149 audacia
824 1095 960 1158 fortitudo

110 1175 231 1239 vocatur,
244 1189 276 1225 eo
288 1189 333 1226 res
350 1173 460 1242 publica
471 1173 500 1225 in
513 1176 638 1225 extremo
649 1173 702 1225 sita
720 1175 770 1226 est.
806 1171 868 1224 Sint
886 1187 959 1239 sanc,

111 1249 239 1314 quoniam
251 1249 291 1302 ita
303 1265 332 1302 se
345 1266 433 1302 mores
451 1248 561 1314 habent,
575 1247 702 1301 liberales
715 1265 749 1300 ex
762 1248 896 1301 sociorum
908 1248 961 1300 for-

111 1323 192 1390 tunis,
207 1323 262 1378 sint
277 1325 468 1378 misericordes
488 1324 516 1376 in
536 1323 642 1376 turibus
660 1323 774 1383 aerarii;
791 1340 826 1375 ne
843 1323 883 1375 illi
902 1339 961 1375 san-

110 1400 221 1466 guinem
240 1403 365 1454 nostrum
385 1400 545 1468 largiantur,
565 1403 595 1453 et
617 1399 682 1451 dum
707 1398 800 1467 paucis
820 1398 960 1452 sceleratis

111 1477 232 1542 parcunt,
245 1475 329 1529 bones
341 1477 427 1530 omnis
439 1475 578 1544 perditum
591 1478 661 1528 eant.
681 1475 759 1527 Bene.
769 1476 798 1528 et
810 1475 960 1543 composito

112 1550 141 1604 O.
155 1550 256 1605 Caesar
275 1552 356 1619 paulo
375 1555 439 1605 ante
456 1552 484 1604 in
504 1551 555 1604 hoc
575 1550 670 1604 ordine
690 1551 725 1603 de
746 1551 803 1603 vita
823 1553 852 1604 et
871 1554 960 1603 morte

111 1624 246 1692 disseruit,
266 1626 357 1694 credo,
376 1626 445 1680 falsa
469 1627 637 1680 existumans
661 1642 693 1679 ea
716 1642 788 1694 quae
812 1625 848 1679 dc
865 1626 959 1679 inferis

110 1705 302 1768 memorantur,
322 1702 431 1756 divorso
447 1701 546 1773 itinere
565 1701 653 1754 malos
671 1718 687 1753 a
704 1700 782 1754 bonis
799 1701 861 1754 loca
877 1705 959 1768 tctra,

110 1776 219 1843 inculta,
232 1777 311 1830 foeda
324 1782 408 1846 atque
420 1776 595 1830 formidolosa
606 1776 715 1829 habore.
741 1776 841 1845 Itaque
853 1777 959 1830 censuit

109 1852 238 1921 pecunias
262 1869 355 1905 corum
379 1851 565 1921 publicandas,
589 1853 663 1920 ipsos
686 1869 736 1922 per
759 1852 907 1920 municipia
930 1852 959 1905 in

110 1928 239 1982 custodiis
254 1928 402 1996 habendos,
414 1928 541 1982 videlicet
557 1927 664 1993 timens,
681 1945 724 1995 ne,
738 1929 760 1981 si
779 1929 882 1981 Romae
895 1928 958 1996 sint,
1026 1943 1029 1949 ”

109 2006 186 2056 anta
204 2003 380 2072 popularibus
396 2003 592 2072 conjurationis
607 2008 656 2057 aut
674 2021 690 2056 a
704 2004 882 2057 multitudine
898 2021 959 2057 con-

109 2078 192 2131 ducta
204 2095 254 2146 per
266 2080 319 2131 vim
328 2079 485 2148 eripiantur.
512 2079 594 2144 Quasi
606 2096 670 2132 vero
682 2079 746 2132 mali
756 2084 840 2147 atque
850 2080 958 2133 scelesti

109 2155 299 2208 tantummodo
310 2155 338 2207 in
350 2155 418 2212 urbe
430 2159 459 2208 et
476 2172 528 2207 non
545 2172 595 2221 pcr
611 2158 699 2208 totam
712 2155 821 2208 Italiam
835 2155 896 2221 sint,
909 2158 958 2210 aut

109 2246 163 2282 nou
181 2231 220 2283 ibi
233 2231 295 2299 plus
312 2231 398 2299 possit
417 2231 537 2298 audacia,
551 2231 597 2284 ubi
615 2231 652 2284 ad
671 2230 874 2284 defendendum
892 2247 958 2299 opes

109 2305 228 2359 minores
252 2312 322 2360 sunt.
361 2308 451 2372 Quarc
475 2324 573 2359 sianum
597 2307 724 2376 equidem
746 2307 797 2360 hoc
817 2306 957 2360 consilium

110 2387 160 2444 est,
174 2382 196 2434 si
212 2382 363 2450 periculum
384 2400 418 2436 ex
437 2381 490 2436 illis
511 2382 624 2447 metuit;
642 2383 684 2435 sin
702 2381 730 2434 in
742 2386 820 2435 tanto
838 2382 957 2435 omnium

109 2462 186 2509 metu
204 2458 277 2509 solus
296 2475 350 2510 non
368 2459 457 2525 timet,
470 2475 502 2511 eo
518 2459 603 2526 magis
622 2458 708 2511 refert
727 2474 772 2510 me
790 2457 856 2509 mihi
875 2461 958 2524 atque

109 2530 186 2584 vobis
207 2532 313 2586 timere·
350 2533 441 2596 Quare
460 2551 544 2602 quum
564 2534 599 2586 de
619 2534 648 2585 P.
667 2533 786 2586 Lentulo
805 2533 958 2599 ceterisque

110 2608 245 2673 statuetis,
254 2624 305 2676 pro
317 2612 394 2662 certo
406 2609 536 2662 habetote
548 2626 595 2662 vos
608 2608 688 2662 simul
701 2610 736 2661 dc
748 2609 871 2662 exercitu
884 2607 958 2662 Cati-

109 2682 180 2737 linae
192 2687 221 2736 et
238 2683 273 2736 (le
290 2685 414 2737 onmibus
430 2685 579 2753 conjuratis
592 2685 746 2739 decernere.
784 2684 891 2747 Quanto
910 2700 957 2736 vos

109 2760 242 2813 attentius
256 2776 287 2813 ea
299 2761 396 2828 agetis,
410 2763 486 2813 tanto
504 2761 557 2812 illis
574 2761 680 2813 animus
697 2760 830 2814 infirmior
847 2760 917 2813 erit:
935 2759 969 2812 si'

109 2835 249 2902 paululum
262 2836 343 2889 modo
356 2853 403 2889 vos
420 2837 550 2904 languere
569 2835 694 2901 viderint,
704 2834 763 2903 jam
781 2852 875 2889 omnes
887 2834 957 2888 ferc-

110 2927 154 2963 ces
167 2911 290 2965 aderunt.
327 2913 420 2965 Nolite
437 2914 601 2965 existumare
618 2928 736 2980 majores
754 2916 862 2964 nostros
874 2912 957 2963 armis

92 2986 309 3049 rempublicam
324 3005 359 3042 ex
368 3005 457 3058 parva
468 3005 596 3058 magnam
607 2988 711 3041 fecisse.
728 2988 759 3041 Si
769 2987 810 3040 ita
822 3004 866 3039 res
876 2990 957 3054 esset,

74 3053 171 3128 multo
184 3061 427 3122 pulcherrumam
448 3085 514 3123 eam
533 3083 587 3121 uos
606 3065 792 3128 haberemus,
808 3063 910 3128 quippo
925 3077 968 3110 su

55 3131 173 3208 f‘qfflm
185 3137 281 3203 atque
295 3142 417 3215 cisium,
424 3150 587 3217 praeterea
596 3158 746 3198 armorum
752 3143 842 3208 stopie
850 3147 988 3200 cononum

75 3202 247 3264 crosnobr's
259 3222 349 3289 eopia
369 3241 465 3293 quam
485 3225 548 3281 ΗΠΒ
571 3225 638 3285 ess·
668 3219 733 3277 Sed
748 3216 809 3272 ntia
825 3212 913 3265 luere
928 3217 1008 3269 uuae·
