2070 3412
111 151 141 197 ro
360 147 387 195 o.
406 145 582 206 sannusm
599 147 715 200 cn1s1>1

111 245 177 281 csse.
213 225 306 281 Ceteri
323 241 402 293 reges
416 232 464 291 aut
482 225 553 278 bello
566 225 630 279 victi
644 227 672 279 in
689 226 837 280 amicitiam
853 243 871 280 a
884 226 961 281 vobis

15 365 17 368 ,
110 297 213 370 recepti
225 305 295 370 sunt,
307 305 355 355 aut
367 303 395 354 in
408 301 463 354 suis
475 301 564 355 dubiis
576 302 658 356 rebus
670 303 828 356 societatem
840 305 961 356 vostram

109 379 301 447 appetiverunt
309 399 315 443 ;
332 378 434 431 familia
447 381 541 433 nostra
557 396 619 432 cum
634 380 733 447 populo
749 378 871 432 Romano
888 379 961 432 hello

111 454 327 520 Carthaginiensi
345 454 492 508 amicitiam
511 455 640 523 instituit,
659 471 714 523 quo
731 459 855 523 tempore
873 456 961 522 magis

109 529 179 583 fides
196 529 255 596 ejus
271 546 351 597 qriam
370 530 479 583 fortuna
490 529 609 598 petenda
622 534 689 585 erat.
728 532 847 596 Quorum
864 535 962 599 proge-

110 606 181 659 niem
193 622 247 671 vos,
259 610 352 675 patres
364 607 516 674 conscripti,
533 607 618 660 nolite
629 608 687 676 pati
700 624 744 661 me
761 611 889 675 nepotem
902 607 962 660 Ma-

110 682 222 737 sinissae
238 683 342 735 frustra
364 682 471 735 archis
492 682 621 736 auxilium
640 687 742 751 petere.
778 683 807 736 Si
825 682 862 735 ad
870 683 963 752 ,impe-

110 759 238 812 trandum
262 758 328 811 nihil
352 775 463 812 caussae
486 757 615 811 haberem
639 762 750 826 praeter
777 758 968 811 miserandam

109 835 254 900 fortunam,
271 835 345 903 quod
362 834 443 903 paulo
461 837 526 888 ante
541 851 591 887 rex
607 851 715 902 genere,
732 835 804 887 fama
820 837 904 903 atque
918 851 963 887 co-

110 910 162 978 piis
182 915 287 978 potens,
307 927 378 964 nunc
397 910 566 964 deformatus
590 911 734 978 aerumnis,
753 911 840 980 inops,
859 911 963 964 alienas

110 1002 175 1052 opes
196 989 333 1054 exspecto,
354 989 446 1040 tamen
473 989 533 1040 erat
551 985 703 1054 majestatis
731 986 846 1040 Romani
869 987 962 1056 populi

111 1061 256 1128 prohibere
273 1061 402 1129 injuriam
420 1078 509 1130 neque
526 1062 585 1130 pati
602 1061 761 1130 cujusquam
780 1079 893 1130 regnum
911 1079 963 1132 per

111 1137 199 1190 socius
223 1153 354 1192 cresccre.
392 1137 496 1190 Verum
516 1154 567 1206 ego
590 1137 624 1190 iis
646 1137 747 1190 finibus
770 1137 876 1206 ejectus
895 1155 962 1204 sum,

112 1229 180 1281 quos
202 1213 352 1282 majoribus
373 1214 442 1267 meis
468 1214 588 1283 populus
611 1213 752 1268 Romanus
775 1215 860 1281 dedit,
888 1214 963 1269 unde

111 1294 191 1356 poter
208 1294 237 1343 et
254 1306 320 1342 avus
338 1306 415 1343 meus
432 1306 487 1343 una
504 1289 643 1344 vobiscum
660 1290 791 1360 expulere
810 1291 962 1360 Syphacem

111 1368 142 1418 et
153 1365 395 1432 Carthaginiensis
430 1365 533 1419 Vestra
549 1366 683 1420 beneficia
698 1366 765 1419 mihi
780 1371 875 1435 erepta
890 1371 962 1436 sunt,

111 1444 214 1511 patres.
229 1442 384 1510 conscripti,
405 1458 453 1496 vos
480 1442 509 1494 in
532 1458 593 1495 mea
616 1441 715 1511 injuria
740 1442 864 1512 despecti
888 1443 962 1497 estis.

113 1516 190 1570 Eheu
207 1533 251 1570 rne
265 1517 407 1572 miserum!
440 1517 570 1585 Huccine,
589 1518 705 1586 Micipsa
724 1522 812 1588 pater,
830 1517 963 1573 beneficia

113 1596 160 1647 tua
172 1610 289 1659 evasere,
305 1597 343 1661 ut,
356 1609 439 1661 quem
455 1596 487 1646 tu
502 1610 598 1662 parem
614 1610 676 1647 cum
691 1594 786 1647 liberis
801 1594 858 1648 tuis
874 1595 963 1661 regni.

113 1686 166 1737 que
183 1669 346 1738 participem
365 1669 462 1733 fecisti,
479 1669 503 1721 is
521 1670 701 1738 potissumum
720 1669 815 1738 stirpis
833 1673 898 1723 tuae
916 1687 962 1723 ex-

113 1745 228 1798 stinctor
246 1745 298 1798 siti
336 1744 528 1812 Numquamne
549 1761 616 1812 ergo
632 1745 735 1808 familia
753 1748 847 1799 nostra
870 1746 963 1814 quieta

113 1821 182 1874 eriti
206 1836 349 1889 semperne
372 1820 561 1888 insanguine,
583 1819 665 1888 ferro,
686 1821 751 1888 fuga
774 1821 962 1876 versabimur?

114 1896 185 1950 Dum
199 1896 436 1963 Carthaginienses
447 1896 596 1950 incolumes
607 1895 692 1964 fuere,
704 1896 770 1964 jure
780 1897 870 1950 omnia
881 1913 963 1950 sacra

56 2010 60 2020 .
113 1972 298 2041 patiebamur3
320 1971 413 2025 hostes
431 1971 466 2025 ab
488 1972 583 2039 latere,
604 1988 652 2026 vos
673 1972 754 2026 amici
775 1972 877 2041 procul,
900 1989 963 2039 spos

114 2048 201 2100 omnis
217 2048 246 2100 in
263 2047 346 2100 armis
365 2051 432 2101 orat.
469 2047 619 2116 Postquam
639 2048 686 2101 illa
703 2048 790 2117 postis
812 2065 846 2102 ex
868 2049 964 2102 Africa

113 2124 202 2190 ejecta
219 2124 268 2188 ost,
282 2122 347 2176 laeti
365 2139 460 2191 pacem
478 2123 656 2190 agitabamus,
674 2125 778 2192 quippe
794 2124 855 2191 quis
875 2123 963 2178 hostis

113 2199 202 2252 nulius
215 2203 282 2265 erat,
294 2198 346 2252 nisi
358 2198 429 2252 forte
441 2215 524 2267 quem
536 2215 584 2252 vos
591 2198 749 2266 jussissetis.
786 2199 858 2254 Ecce
870 2203 964 2253 autem

114 2291 147 2328 ox
159 2274 303 2343 improviso
317 2275 336 2327 J
338 2274 465 2342 ugurtha,
482 2274 654 2328 intoleranda
669 2274 790 2343 audacia,
806 2275 910 2329 scelere
924 2279 964 2328 at-

113 2367 167 2420 que
190 2350 318 2419 superbia
338 2367 398 2404 sese
421 2351 551 2417 coferons,
571 2351 657 2403 fratre
681 2368 742 2404 mco
761 2356 845 2419 atque
865 2352 963 2405 eodem

113 2427 264 2497 propinquo
280 2443 329 2480 suo
342 2428 495 2494 interiecto,
512 2427 630 2495 primum
646 2444 760 2495 regnum
777 2426 838 2496 ejus
853 2429 964 2482 sceleris

113 2505 155 2557 sui
169 2503 300 2572 praedam
314 2502 387 2569 fecit,
404 2507 476 2571 post,
491 2503 537 2555 ubi
554 2519 597 2555 me
611 2502 699 2555 isdem
718 2502 788 2556 dolis
805 2504 902 2571 nequit
920 2521 980 2557 ea»

113 2597 185 2646 perc,
198 2579 264 2632 nihil
277 2578 365 2631 minus
378 2596 459 2646 quam
472 2578 527 2632 vim
540 2581 588 2632 aut
600 2577 702 2631 bellum
717 2583 922 2647 exspectantem
935 2579 963 2633 in

114 2656 226 2722 imperio
248 2659 348 2718 vostro,
370 2656 450 2708 sicuti
469 2655 577 2721 vidctis,
600 2658 738 2708 extorrem
756 2655 854 2724 patria,
874 2655 963 2723 domo,

113 2731 221 2797 inopem
240 2736 269 2783 ct
287 2737 445 2799 coopertum
465 2732 582 2786 miseriis
601 2731 699 2799 effecit,
718 2736 750 2784 ut
768 2731 857 2784 ubivis
875 2733 964 2785 tutius

114 2823 195 2874 quam
211 2806 238 2858 in
257 2823 317 2859 mco
335 2825 419 2875 regno
437 2825 531 2862 essem.
566 2809 624 2876 Ego
640 2808 678 2861 sic
695 2808 902 2874 existumabam,
917 2825 964 2876 pa-

113 2887 171 2936 tres
195 2883 348 2953 conscripti,
376 2885 417 2938 uti
441 2884 645 2954 praedicantem
673 2884 831 2937 audiveram
855 2889 963 2953 patrem

107 2976 208 3024 meum,
230 2961 277 3028 qui
298 2965 417 3015 vostram
436 2962 583 3015 amicitiam
602 2960 748 3029 diligenter
771 2960 899 3027 colerent,
917 2977 964 3014 eos

89 3032 215 3085 multum
224 3035 351 3092 lahorem
365 3039 519 3109 suscipere,
529 3041 658 3097 ceterum
666 3054 701 3092 ex
710 3035 971 3090 omnihusmauume

74 3101 160 3155 tutos
171 3123 242 3164 csse,
284 3115 370 3180 Quod
383 3119 415 3172 in
430 3118 543 3173 familia
560 3121 665 3172 nostra
676 3114 734 3168 iuit
748 3107 997 3188 praestitit,ut'm⁸

56 3178 201 3232 opinions
222 3186 463 3252 bellisadcssct
489 3196 594 3261 vobis3
612 3211 672 3248 nos
694 3188 744 3245 uti
762 3202 815 3254 per
837 3181 932 3232 otium
946 3180 1008 3226 sum
