2070 3412
102 160 132 208 aa
350 159 378 208 o.
398 160 570 209 sannusm
588 147 705 209 eiusm

102 238 234 294 lassitudo
253 242 339 307 posse.
376 239 421 292 Ita
442 239 583 308 Vagenses
602 240 717 294 biduum
736 241 817 295 modo
836 259 870 296 ex
891 258 954 310 per-

102 315 168 369 fidia
186 314 296 380 laetati;
325 315 420 369 civitas
441 332 539 382 magna
556 321 586 370 et
602 317 716 385 opulens
734 320 831 371 cuncta
848 334 955 386 poenae

102 395 151 445 aut
169 391 289 460 praedae
306 390 367 444 fuit.
403 391 547 460 Turpilius,
569 409 650 462 quem
669 394 839 461 praefectum
858 396 954 464 oppidi

102 484 185 520 unum
202 483 236 520 ex
254 465 379 520 omnibus
395 468 549 536 profugisse
567 486 650 538 supra
667 470 843 537 ostendimus,
858 469 954 539 jussus

103 560 119 596 a
140 542 253 596 Metello
273 559 396 595 caussam
418 543 516 611 dicere,
536 549 680 613 postquam
702 562 762 599 sese
786 562 882 613 parum
907 564 955 601 ex-

103 622 209 688 purgat,
228 618 425 672 condemnatus
440 620 655 689 verberatusque
674 621 764 689 capite
783 637 885 691 poenas
902 623 955 677 sol·

104 696 144 749 vit
151 716 158 760 ;
179 711 241 748 nam
253 695 276 748 is
289 694 355 747 civis
368 711 402 749 ex
414 695 494 748 Latio
506 699 572 749 erat.

156 773 194 827 70.
233 770 288 825 Per
302 770 376 825 idem
394 778 502 840 tempus
518 771 660 840 Bomilcar,
674 770 753 840 cujus
767 772 885 841 impulsu
902 774 921 827 J
924 792 955 827 u-

103 847 204 915 gurtha
221 847 387 900 deditionem
404 863 486 915 quam
503 850 579 901 metu
596 846 720 901 deseruit
734 848 881 916 inceperat,
895 866 954 904 sus-

103 926 199 992 pectus
211 922 270 990 regi
283 923 383 992 etipse
396 940 458 976 eum
473 923 627 991 suspiciens,
643 939 727 976 novas
739 940 783 977 res
795 928 902 990 cupere,
917 927 954 980 ad

104 998 250 1068 perniciem
269 998 328 1066 ejus
347 997 438 1051 dolum
456 1015 595 1066 quaerere,
614 999 659 1053 die
676 1002 814 1067 noctuque
837 999 954 1067 fatigare

104 1075 237 1140 animum;
256 1074 372 1141 denique
389 1074 479 1126 omnia
495 1075 656 1143 temptando
673 1076 774 1128 socium
789 1075 839 1127 sibi
856 1076 954 1144 adjun-

104 1151 144 1218 git
157 1150 332 1217 Nabdalsam,
341 1150 477 1202 hominem
486 1149 724 1218 nobilem,magnis
733 1151 836 1218 opibus,
849 1151 953 1206 clarum

104 1230 300 1295 acceptumque
323 1225 500 1295 popularibus
527 1226 590 1293 suis,
619 1226 666 1294 qui
692 1226 852 1295 plerumque
880 1244 953 1282 scor-

105 1320 164 1356 sum
183 1303 219 1357 ab
242 1319 307 1371 rege
331 1304 481 1356 exercitum
499 1302 613 1356 ductare
629 1305 658 1355 et
674 1303 761 1355 omnis
779 1320 824 1356 res
841 1307 953 1375 exsequi

105 1379 200 1433 solitus
221 1382 286 1444 erat,
306 1396 376 1447 quae
396 1378 552 1446 Jugurthae
575 1378 646 1431 fesso
670 1382 719 1431 aut
742 1378 891 1446 majoribus
911 1398 954 1435 as-

104 1457 186 1510 tricto
198 1457 406 1523 superaverant3
425 1471 458 1507 ex
469 1471 522 1522 quo
534 1453 574 1506 illi
586 1453 673 1521 gloria
685 1470 804 1522 opesque
816 1455 952 1512 inventae.

106 1532 195 1600 Igitur
210 1531 352 1598 utriusque
369 1530 479 1583 consilio
494 1529 553 1583 dies
568 1528 673 1582 insidiis
685 1530 834 1594 statuitur;
852 1536 952 1601 cetera,

103 1608 145 1661 uti
161 1624 205 1660 res
221 1609 350 1675 posceret,
369 1623 403 1659 ex
419 1609 544 1675 tempore
560 1606 650 1674 parari
666 1606 776 1675 placuit.
812 1606 954 1661 Nabdalsa

104 1684 141 1737 ad
152 1683 302 1736 exercitum
314 1679 458 1751 profectus,
467 1686 549 1750 quem
560 1682 634 1735 inter
645 1681 952 1737 hiberna-Romanorum

100 1759 194 1828 jussus
209 1758 335 1825 habebat,
351 1773 385 1810 ne
401 1773 466 1830 ager
482 1757 575 1810 inultis
590 1756 713 1810 hostibus
724 1760 885 1811 vastaretur.
924 1759 953 1812 Is

104 1839 249 1903 postquam
268 1833 455 1906 magnitudine
478 1833 604 1887 facinoris
625 1833 765 1902 perculsus
785 1833 821 1886 ad
842 1837 953 1903 tempus

104 1928 157 1963 non
178 1910 252 1978 venit
275 1906 424 1977 metusque
437 1925 496 1962 rem
515 1908 689 1976 impediebat,
709 1908 852 1976 Bomilcar,
872 1910 952 1964 simul

104 1986 219 2055 cupidus
243 1985 351 2053 incepta
379 1983 506 2051 patrandi
534 1987 563 2037 et
589 1985 694 2038 timore
711 1985 765 2037 soei
789 1987 893 2053 anxius,
917 2003 953 2040 ne

103 2063 203 2115 omisso
226 2065 320 2116 vetere
339 2059 454 2131 consilio
483 2076 582 2112 novum
605 2064 758 2129 quaereret,
785 2061 893 2115 litteras
916 2062 953 2115 ad

104 2154 165 2192 eum
178 2154 228 2207 per
240 2137 367 2190 homines
378 2135 466 2188 fidelis
483 2135 577 2203 mittit,
589 2136 617 2189 in
630 2137 690 2204 quis
706 2137 847 2191 mollitiem
865 2154 953 2192 secor-

104 2215 232 2283 diamque
244 2214 293 2268 viri
307 2229 439 2277 accusare,
455 2211 551 2265 testari
568 2213 641 2279 deos,
654 2229 704 2281 per
716 2229 784 2279 quos
795 2213 953 2282 juravisset,

103 2307 214 2345 monere
239 2307 273 2343 ne
296 2287 418 2358 praemia
442 2287 548 2341 Metelli
574 2288 602 2341 in
628 2291 734 2356 pestem
764 2292 952 2355 convorteret3

103 2367 258 2434 Jugurthae
278 2365 390 2418 exitium
416 2363 527 2429 adesse;
546 2367 667 2418 ceterum
689 2381 771 2417 suane
792 2381 827 2418 an
848 2365 953 2418 virtute

103 2442 209 2495 Metelli
222 2440 332 2510 periret,
345 2439 375 2492 id
386 2439 468 2492 modo
480 2439 592 2508 agitari3
610 2439 724 2509 proinde
736 2443 877 2508 reputaret
890 2457 952 2494 cum

102 2518 191 2571 animo
204 2533 252 2570 suo
265 2515 386 2585 praemia
398 2533 432 2568 an
444 2517 594 2570 cruciatum
606 2515 706 2569 mallet.

155 2596 194 2650 71.
225 2592 281 2646 Sed
294 2608 377 2659 quum
397 2591 447 2645 hae
466 2592 576 2646 litterae
595 2591 700 2658 allatae,
720 2591 792 2644 forte
812 2591 952 2646 Nabdalsa

101 2670 222 2723 exercito
237 2683 350 2736 corpore
366 2668 453 2721 fessus
466 2667 492 2720 in
505 2668 576 2721 lecto
594 2666 759 2736 quiescebat,
771 2667 819 2721 ubi
835 2669 953 2735 cognitis

103 2745 261 2798 Bomilcaris
280 2743 371 2797 verbis
387 2744 475 2811 primo
495 2760 566 2811 cura,
589 2742 695 2810 deinde,
714 2745 747 2795 ut
767 2759 879 2809 aegrum
898 2744 953 2797 ani-

101 2839 175 2875 mum
193 2823 270 2889 solet,
289 2836 397 2873 somnus
412 2820 492 2888 oepit.
528 2819 595 2872 Erat
607 2818 632 2871 ei
645 2818 767 2870 Numida
779 2818 891 2886 quidam
906 2836 952 2872 ne·

95 2899 238 2965 gotiorum
255 2903 371 2965 curator,
389 2895 460 2948 lidus
476 2900 657 2965 acceptusque
669 2897 698 2947 et
710 2895 830 2947 omnium
849 2895 953 2948 eonsili-

84 2990 165 3027 orum
183 2976 242 3029 nisi
258 2975 411 3032 novissumi
431 2973 578 3046 particeps.
619 2973 675 3038 ossi
688 2976 838 3042 postquam
857 2970 952 3023 allatas

65 3045 187 3107 litteras
196 3056 322 3126 audivit,
337 3074 373 3113 ex
387 3055 600 3112 consuetudine
611 3057 693 3110 ratus
704 3064 792 3120 opera
800 3045 968 3124 autiugemo

49 3134 106 3172 ³11⁰
126 3143 204 3196 opus
224 3150 299 3201 esse,
320 3137 352 3191 in
369 3135 605 3193 tabernaculum
622 3128 748 3196 introiit,
764 3119 925 3176 bornicum
937 3111 993 3201 Ns,

45 3205 52 3208 ’
69 3193 205 3261 *iscoram
221 3227 322 3283 super
336 3219 436 3288 caput
452 3216 486 3273 in
504 3213 632 3286 pulvino
644 3212 763 3264 temere
778 3195 993 3264 mmm
