2056 3406
417 183 605 233 oATILINA.
640 186 641 191 ’
684 189 687 193 ’
908 184 937 233 ll

90 267 192 337 populi,
203 267 326 320 nationes
344 264 481 334 stipendia
500 264 637 333 penderc;
655 269 742 321 ceteri
757 285 859 334 omnes,
873 270 940 321 stre

91 344 146 411 nui,
167 343 239 411 boni,
259 342 466 410 nobilesatque
485 342 628 411 ignobiles,
649 345 744 413 volgus
763 345 863 397 suimus
881 344 940 398 sine

91 420 187 488 gratia,
195 420 253 473 sine
265 418 435 484 auctoritate,
448 418 481 471 iis
494 417 610 487 obnoxii,
621 420 727 488 quibus,
740 421 762 474 si
775 437 819 475 res
831 420 940 488 publica

91 497 203 562 valeret,
222 494 361 549 formidini
381 510 510 547 essemus.
546 495 646 564 ltaque
670 497 757 549 omnis
777 497 873 564 gratia,
893 513 940 566 po-

91 574 186 641 tentia,
196 574 288 638 honos,
297 570 409 624 divitiae
421 570 494 639 apud
506 570 567 624 illos
580 575 651 638 sunt,
659 575 708 625 aut
720 572 767 625 ubi
779 572 819 625 illi
832 573 925 628 volunt
932 595 939 640 ;

91 651 170 703 nobis
190 649 325 717 reliquere
346 647 475 716 pericula,
496 648 626 716 repulsas,
644 648 756 717 judicia,
778 653 938 717 egestatem.

92 726 168 790 Quae
180 741 320 795 quousque
328 723 440 777 tandem
453 723 603 791 patiemini,
611 725 762 779 fortissumi
769 726 838 780 viril
850 743 940 781 nonne

91 803 176 856 emori
188 819 238 871 per
249 802 380 855 virtutem
392 802 515 868 praestat
528 816 609 868 quam
621 801 705 855 vitum
718 809 845 856 miseram
855 806 939 871 atquo

91 879 269 946 inhonestam,
288 877 336 931 ubi
355 877 458 929 alienae
480 875 623 944 superbiae
643 878 760 931 ludibrio
779 879 871 945 fueris,
890 897 940 948 por

91 956 210 1010 dedecus
226 955 370 1008 amitteret
407 952 512 1006 Verum
530 954 667 1008 enimvero
686 971 736 1023 pro
756 954 839 1010 deum
856 958 939 1024 atquc

90 1032 339 1086 hominum-fidem!
358 1029 472 1083 victoria
484 1030 512 1083 in
524 1046 608 1083 mauu
618 1030 696 1085 nobis
709 1034 758 1096 est
771 1033 845 1099 viget
855 1036 939 1099 aetas,

90 1111 196 1163 animus
214 1109 302 1174 valet;
326 1111 419 1161 contra
438 1106 491 1159 illis
510 1107 587 1160 annis
612 1111 697 1176 atquo
721 1107 825 1162 divitiis
850 1111 940 1163 omnia

90 1187 295 1240 consenuerunt.
333 1182 531 1236 Tantummodo
550 1184 659 1253 incepto
680 1201 749 1252 opus
769 1188 828 1250 est;
847 1189 940 1239 cetera

89 1278 134 1316 res
153 1261 288 1331 expediet.
327 1259 435 1313 Etenim
453 1260 513 1327 quis
529 1260 693 1327 mortalium,
707 1261 750 1314 cui
767 1261 846 1314 virile
865 1261 937 1329 inge-

89 1339 164 1391 nium
184 1341 234 1405 cst,
254 1337 372 1391 tolerare
390 1338 483 1404 potest
504 1334 558 1388 illis
584 1335 692 1389 divitias
713 1353 851 1405 superare,
870 1353 939 1405 quas

89 1414 256 1483 profrmdant
268 1414 296 1465 in
306 1412 472 1466 exstruendo
482 1412 550 1464 mari
563 1415 592 1464 ct
602 1411 741 1465 montibus
750 1413 939 1480 coaequandis,

89 1489 166 1543 nobis
178 1506 236 1544 rem
248 1489 410 1542 familiarem
424 1487 507 1540 etiam
526 1486 562 1540 ad
580 1489 733 1541 necessaria
746 1488 860 1542 deessel
878 1489 940 1542 illos
965 1530 973 1545 .

88 1566 168 1619 binas
179 1569 228 1619 aut
240 1565 356 1634 amplius
376 1564 472 1616 domos
488 1563 655 1630 continuare,
668 1564 747 1617 nobis
758 1564 844 1618 larem
862 1564 939 1618 fami-

88 1641 184 1695 liarem
208 1657 342 1710 nusquam
366 1640 451 1692 ullum
476 1640 551 1694 essel
602 1640 690 1704 Quum
715 1640 830 1707 tabulas,
854 1641 939 1708 signa,

88 1721 243 1772 toreumata
254 1720 355 1784 emunt,
365 1732 435 1768 nova
447 1715 567 1782 diruunt,
577 1716 628 1769 alia
637 1716 790 1783 aedificant,
800 1719 938 1785 postremo

88 1794 212 1848 omnibus
224 1792 312 1847 modis
323 1793 465 1861 pecuniam
477 1791 598 1859 trahunt,
610 1795 719 1861 vexant,
728 1796 820 1846 tamen
833 1809 938 1845 summu

87 1870 210 1924 lubidine
223 1869 332 1923 divitias
349 1885 412 1921 suas
431 1868 539 1921 vincere
555 1872 704 1936 nequeunt.
742 1870 782 1922 At
799 1868 877 1922 nobis
896 1875 938 1922 est

88 1946 161 2000 domi
181 1946 279 2014 inopia,
299 1945 365 1998 foris
384 1961 431 1998 aes
453 1944 580 2010 alienum,
602 1944 673 1997 mala
696 1961 748 2013 res,
770 1961 832 2014 spes
851 1944 938 1999 multo

88 2023 222 2090 asperior;
240 2020 368 2090 denique,
381 2020 449 2088 quid
467 2019 565 2086 reliqui
582 2019 713 2074 habemus
731 2023 843 2089 praeter
860 2022 938 2074 mise-

87 2114 145 2151 ram
165 2097 299 2150 animam?
336 2097 407 2160 Quin
431 2096 517 2164 igitur
540 2096 779 2165 expergiscimini?
821 2097 862 2149 Iln
885 2097 938 2163 illa,

86 2173 140 2242 illa,
159 2189 241 2241 quam
263 2189 344 2241 saepe
363 2173 486 2241 optastis,
507 2172 628 2238 libertas,
649 2177 793 2240 practerea
817 2172 937 2240 divitiae,

88 2249 177 2317 decus,
190 2248 277 2316 gloria
295 2248 322 2300 in
337 2247 421 2301 oculis
438 2249 492 2300 sita
509 2251 587 2302 sunt!
608 2248 718 2302 fortuna
734 2249 824 2302 omnia
840 2266 872 2302 ca
884 2250 937 2302 vic-

87 2325 192 2379 toribus
204 2324 327 2393 praemia
338 2325 436 2392 posuit.
473 2323 536 2391 Res,
548 2327 664 2392 tempus,
683 2324 810 2392 pericula,
823 2328 937 2393 egestus,

87 2401 151 2455 belli
164 2401 250 2469 spolia
268 2400 411 2468 magnifica
429 2399 516 2467 magis
533 2416 614 2468 quam
631 2400 719 2453 oratio
734 2417 795 2453 mea
812 2417 859 2453 vos
876 2401 937 2454 lior-

87 2480 188 2531 tentur.
224 2477 278 2530 Vel
296 2476 462 2544 imperatore
481 2475 523 2529 vel
539 2475 626 2529 milite
645 2493 690 2530 me
708 2477 831 2542 utimini;
848 2494 937 2546 neque

86 2554 192 2606 animus
216 2569 305 2621 neque
329 2568 427 2621 corpus
450 2567 466 2604 a
489 2552 565 2604 vobis
590 2551 686 2606 aberit.
723 2552 801 2607 Haec
819 2553 886 2622 ipsa,
906 2557 938 2606 ut

87 2645 174 2697 spero,
187 2629 325 2682 vobiscum
337 2644 391 2680 una
403 2628 496 2682 consul
515 2643 601 2695 agam,
615 2628 666 2680 nisi
684 2628 756 2682 forte
768 2645 813 2683 me
831 2630 937 2682 animus

86 2703 165 2772 fallit,
178 2708 206 2758 et
219 2722 266 2758 vos
279 2705 382 2758 servire
395 2704 482 2772 magis
494 2720 575 2772 quam
588 2703 722 2771 imperare
734 2705 823 2773 parati
836 2706 925 2758 estis.'’

139 2787 179 2833 21.
217 2782 368 2849 Postquam
392 2796 522 2848 accepere
546 2795 578 2832 ea
599 2778 727 2845 homines,
749 2780 848 2848 quibus
866 2782 937 2834 mala

87 2856 195 2911 abunde
216 2857 306 2910 omnia
325 2859 411 2921 erant,
434 2856 483 2909 sed
502 2872 591 2923 neque
610 2872 655 2908 ros
675 2873 764 2925 neque
783 2873 846 2924 spes
866 2856 937 2910 bona

86 2933 149 3001 ulla,
161 2933 272 2986 tametsi
285 2932 338 2985 illis
355 2932 449 3001 quieta
466 2947 575 2984 movere
591 2946 688 2998 inagna
707 2948 811 2984 merces
826 2931 936 2984 sideba-

86 3012 139 3076 tur,
163 3011 255 3062 tamen
277 3008 451 3078 postulavero
469 3007 610 3078 plerique,
624 3007 675 3058 uti
686 3006 871 3071 mquam&
885 3013 964 3065 <Q

902 3056 1001 3114 3}xe

81 3085 206 3142 condicio
219 3085 288 3142 belli
306 3087 392 3160 foret,
405 3103 483 3160 quae
497 3083 632 3156 praemia
643 3078 738 3130 armis
750 3066 899 3152 &iffi-*m
905 3121 1001 3164 (mes

74 3163 184 3236 ubique
197 3167 261 3239 opis
280 3173 333 3225 aut
352 3168 418 3242 spei
433 3163 600 3224 naseam.
629 3155 718 3208 'lm
726 3140 1001 3249 QWRQQQ

67 3241 188 3302 tabulas
201 3263 305 3319 noras,
317 3245 590 3321 proscriptionem
601 3223 829 3292 mimum*
