2070 3412
416 214 420 219 .
437 165 455 213 J
458 163 644 215 UGURTHA.
932 167 965 214 69

117 246 250 315 cognitus,
263 245 346 299 animi
357 245 527 313 popularium
539 244 676 314 temptati,
688 248 797 298 coactus
809 261 900 298 rerum
918 262 964 300 ne-

117 323 282 378 cessitudine
294 323 394 376 statuit
406 323 487 375 armis
499 326 610 377 certare.
647 322 738 389 Igitur
750 321 891 388 explorato
902 321 964 375 hos·

27 450 32 471 Ι
117 403 186 454 tium
195 400 292 454 itinere
304 401 332 452 in
345 418 421 469 spem
431 399 560 452 victoriae
570 399 706 453 adductus
716 417 752 461 ex¹
759 400 964 466 opportunitate

116 477 175 544 loci,
195 492 276 543 quam
302 494 442 530 maxumas
465 481 555 546 potest
580 479 669 546 copias
688 478 807 531 omnium
831 493 963 544 generum

116 556 238 620 paratae
255 568 305 618 per
322 554 447 607 tramites
464 555 583 608 occultos
602 555 752 608 exercitum
771 553 876 607 Metelli
889 558 963 607 ante

116 629 198 682 venit.
234 630 302 683 Erat
320 630 348 682 in
367 647 402 684 ea.
414 633 494 699 parte
510 631 664 699 Numidiae,
681 647 761 698 quam
781 629 921 682 Adherbal
934 631 962 683 in

116 704 248 760 divisione
268 705 436 775 possederat,
454 707 553 759 flumen
572 708 696 760 ericusa
713 706 835 771 meridie,
854 706 963 758 nomine

115 781 234 849 Muthul,
248 799 264 835 a
276 798 330 850 quo
342 781 438 835 aberat
452 796 529 836 mons
542 783 627 836 ferme
639 783 714 836 milia
725 798 853 851 passuum
865 781 962 848 viginti

115 860 207 912 tractu
221 859 290 927 pari,
307 863 399 911 vastus
416 859 451 912 ab
469 863 567 913 natura
584 864 613 913 et
628 860 745 912 humano
760 859 849 921 cultu;
867 859 916 912 sed
928 877 962 917 ex

115 949 148 986 co
157 934 246 988 medio
259 935 337 1003 quasi
350 935 425 988 collis
437 935 577 989 oriebatur
585 937 613 988 in
622 937 784 990 immensum
796 935 962 1003 pertingens,

115 1011 231 1064 vestitus
240 1011 358 1065 oleastro
370 1027 402 1064 ac
411 1012 537 1080 myrtetis
546 1012 660 1080 aliisque
671 1011 817 1080 generibus
826 1011 961 1074 arborum,

115 1102 185 1153 quae
197 1087 272 1139 humi
284 1086 361 1139 arido
373 1091 456 1155 atque
465 1104 578 1141 arenoso
590 1089 747 1157 gignuntur.
765 1087 858 1140 Media
870 1091 962 1141 autem

115 1162 240 1230 planities
253 1162 363 1216 deserta
377 1163 491 1232 penuria
507 1181 594 1231 aquae
608 1167 719 1232 praeter
734 1163 837 1215 flumini
854 1163 962 1230 propin-

115 1254 169 1305 qua
186 1239 259 1303 loca;
282 1255 314 1291 ea
332 1239 436 1292 consita
453 1238 572 1293 arbustis
594 1255 692 1307 pecore
711 1242 795 1306 atque
813 1238 962 1291 cultoribus

114 1312 367 1381 frequentabantur.

167 1396 208 1443 49.
245 1391 334 1457 Igitur
349 1391 378 1443 in
392 1407 425 1442 eo
439 1390 507 1443 colle
522 1406 604 1459 quem
619 1395 775 1444 transvorso
789 1390 888 1443 itinere
902 1407 960 1459 por-

116 1470 221 1519 rectum
234 1466 382 1533 docuimus,
394 1465 412 1518 J
415 1465 533 1532 ugurtha
549 1469 697 1519 extenuata
709 1482 819 1518 suorum
831 1465 888 1518 acie
900 1484 962 1520 con-

117 1542 197 1606 sedit,
212 1541 362 1609 elephantis
380 1545 409 1595 et
426 1541 498 1609 parti
517 1541 655 1609 copiarum
674 1540 842 1610 pedestrium
861 1541 962 1595 Bomil-

115 1633 205 1670 carem
217 1617 347 1685 praefecit
357 1633 473 1685 eumque
483 1617 579 1670 edocet
588 1632 658 1684 quae
667 1620 774 1684 ageret3
787 1616 845 1685 ipso
853 1619 962 1687 propior

115 1697 235 1747 montem
253 1709 314 1746 cum
333 1693 404 1745 omni
424 1693 547 1760 equitatu
564 1700 592 1745 et
608 1691 748 1761 peditibus
767 1693 880 1746 delectis
899 1711 961 1747 suos

115 1769 234 1823 collocat.
264 1769 335 1822 Dein
348 1769 466 1835 singulas
479 1772 583 1821 turmas
596 1772 625 1821 et
641 1768 790 1837 manipulos
803 1769 961 1823 circumiens

115 1849 207 1899 monet
224 1848 308 1914 atque
323 1845 486 1913 obtestatur,
498 1845 539 1896 uti
554 1859 688 1896 memores
703 1843 835 1912 pristinae
852 1845 947 1899 virtuti

116 1926 145 1975 et
170 1922 299 1975 victoriae
325 1938 385 1975 seso
411 1937 579 1989 regnumque
607 1937 685 1974 suum
716 1919 751 1973 ab
779 1922 961 1975 ltomanorum

115 1998 229 2051 avaritia
246 1998 411 2062 defendant3
428 2013 488 2050 cum
505 1997 547 2050 his
562 2001 700 2050 certamen
718 1996 785 2063 fore,
800 2013 867 2064 quos
881 2001 962 2051 antea

115 2074 201 2127 victos
213 2073 370 2142 subjugum
383 2073 521 2137 miserint3
534 2073 630 2126 ducem
643 2072 696 2124 illis
710 2089 762 2125 non
775 2073 893 2125 animum
906 2089 962 2126 mu-

115 2152 219 2213 tatum3
237 2166 307 2216 quae
324 2150 359 2203 ab
377 2149 543 2216 imperatore
561 2148 704 2201 decuerint
722 2148 811 2200 omnia
829 2148 884 2199 suis
901 2164 962 2216 pro

115 2225 180 2291 visa,
192 2224 281 2278 locum
297 2225 472 2294 superiorem,
488 2228 520 2276 ut
531 2223 681 2294 prudentes
697 2240 756 2276 cum
770 2224 959 2290 imperitique

115 2301 256 2370 pauciores
268 2317 328 2354 cum
344 2300 466 2369 pluribus
483 2303 530 2352 aut
544 2299 626 2352 rudes
643 2315 704 2351 curn
718 2298 789 2352 bello
806 2299 963 2353 melioribus

116 2394 224 2430 manum
243 2380 435 2440 consererent;
462 2373 575 2442 proinde
593 2374 688 2442 parati.
701 2374 853 2442 intentique
872 2380 963 2429 essent

117 2454 192 2520 signo
210 2452 274 2506 dato
300 2452 432 2505 Romanos
450 2450 580 2503 invadere
590 2470 597 2514 ;
622 2450 698 2502 illum
717 2450 789 2503 diem
808 2454 856 2504 aut
875 2452 963 2505 omnis

54 2524 56 2529 ’
116 2529 223 2583 labores
251 2533 280 2582 et
306 2529 433 2583 victorias
460 2527 682 2580 confirmaturum
705 2530 753 2580 aut
775 2544 963 2580 maxumarum

117 2621 306 2660 aerumnarum
318 2605 425 2658 initium
438 2604 503 2656 fore.
534 2602 581 2655 Ad
592 2602 643 2656 hoc
655 2602 764 2669 viritim,
773 2604 814 2656 uti
827 2620 965 2671 quemque

117 2681 153 2735 ob
169 2682 287 2735 militaro
302 2674 404 2734 lucinus
422 2679 536 2748 pecunia
552 2682 601 2732 aut
617 2679 719 2732 honore
733 2679 878 2745 extulerat,
892 2696 964 2732 com-

117 2758 285 2810 monefacere
303 2757 418 2810 benefici
436 2756 477 2809 sui
496 2759 525 2809 et
544 2773 605 2809 cum
624 2755 712 2822 ipsum
731 2755 791 2807 aliis
809 2759 965 2818 ostentare;

117 2837 255 2902 postremo
276 2849 326 2900 pro
345 2833 477 2901 cujusque
498 2832 605 2900 ingenio
628 2829 787 2900 pollicendo,
806 2829 964 2895 minitando,

118 2908 287 2976 obtestando,
310 2908 392 2961 alium
415 2909 468 2961 alio
491 2907 572 2960 modo
595 2907 726 2971 excitare,
748 2923 838 2971 qurum
855 2905 976 2953 luterus

118 2985 246 3038 Metellus
258 2983 371 3054 ignarus
386 2984 512 3042 bostium
528 2988 628 3039 monte
646 2979 824 3060 degrediens
834 2987 905 3051 Q
918 2979 1027 3074 Ἓξ

110 3061 166 3115 eitu
186 3063 366 3134 conspicitur,
384 3066 479 3137 primo
497 3063 620 3129 dubius,
635 3055 785 3130 quidnam
796 3041 926 3157 magma
949 3041 989 3074 ae
1020 3095 1027 3105 ,

102 3140 382 3199 ostenderet—nam
397 3146 479 3200 inter
495 3141 639 3211 uirgulta
654 3124 849 3214 equidem
868 3121 1027 3222 &ww

92 3214 241 3285 sedemnt,
256 3238 358 3294 neque
380 3224 478 3296 quane
495 3192 860 3278 occulte-titum*mm>
